%YAML 1.1
%TAG !u! tag:unity3d.com,2011:
--- !u!29 &1
OcclusionCullingSettings:
  m_ObjectHideFlags: 0
  serializedVersion: 2
  m_OcclusionBakeSettings:
    smallestOccluder: 5
    smallestHole: 0.25
    backfaceThreshold: 100
  m_SceneGUID: 00000000000000000000000000000000
  m_OcclusionCullingData: {fileID: 0}
--- !u!104 &2
RenderSettings:
  m_ObjectHideFlags: 0
  serializedVersion: 8
  m_Fog: 0
  m_FogColor: {r: 0.5, g: 0.5, b: 0.5, a: 1}
  m_FogMode: 3
  m_FogDensity: 0.01
  m_LinearFogStart: 0
  m_LinearFogEnd: 300
  m_AmbientSkyColor: {r: 0.212, g: 0.227, b: 0.259, a: 1}
  m_AmbientEquatorColor: {r: 0.114, g: 0.125, b: 0.133, a: 1}
  m_AmbientGroundColor: {r: 0.047, g: 0.043, b: 0.035, a: 1}
  m_AmbientIntensity: 1
  m_AmbientMode: 3
  m_SubtractiveShadowColor: {r: 0.42, g: 0.478, b: 0.627, a: 1}
  m_SkyboxMaterial: {fileID: 0}
  m_HaloStrength: 0.5
  m_FlareStrength: 1
  m_FlareFadeSpeed: 3
  m_HaloTexture: {fileID: 0}
  m_SpotCookie: {fileID: 10001, guid: 0000000000000000e000000000000000, type: 0}
  m_DefaultReflectionMode: 0
  m_DefaultReflectionResolution: 128
  m_ReflectionBounces: 1
  m_ReflectionIntensity: 1
  m_CustomReflection: {fileID: 0}
  m_Sun: {fileID: 0}
  m_IndirectSpecularColor: {r: 0, g: 0, b: 0, a: 1}
--- !u!157 &3
LightmapSettings:
  m_ObjectHideFlags: 0
  serializedVersion: 11
  m_GIWorkflowMode: 1
  m_GISettings:
    serializedVersion: 2
    m_BounceScale: 1
    m_IndirectOutputScale: 1
    m_AlbedoBoost: 1
    m_TemporalCoherenceThreshold: 1
    m_EnvironmentLightingMode: 0
    m_EnableBakedLightmaps: 0
    m_EnableRealtimeLightmaps: 0
  m_LightmapEditorSettings:
    serializedVersion: 9
    m_Resolution: 2
    m_BakeResolution: 40
    m_TextureWidth: 1024
    m_TextureHeight: 1024
    m_AO: 0
    m_AOMaxDistance: 1
    m_CompAOExponent: 1
    m_CompAOExponentDirect: 0
    m_Padding: 2
    m_LightmapParameters: {fileID: 0}
    m_LightmapsBakeMode: 1
    m_TextureCompression: 1
    m_FinalGather: 0
    m_FinalGatherFiltering: 1
    m_FinalGatherRayCount: 256
    m_ReflectionCompression: 2
    m_MixedBakeMode: 2
    m_BakeBackend: 0
    m_PVRSampling: 1
    m_PVRDirectSampleCount: 32
    m_PVRSampleCount: 500
    m_PVRBounces: 2
    m_PVRFilterTypeDirect: 0
    m_PVRFilterTypeIndirect: 0
    m_PVRFilterTypeAO: 0
    m_PVRFilteringMode: 1
    m_PVRCulling: 1
    m_PVRFilteringGaussRadiusDirect: 1
    m_PVRFilteringGaussRadiusIndirect: 5
    m_PVRFilteringGaussRadiusAO: 2
    m_PVRFilteringAtrousPositionSigmaDirect: 0.5
    m_PVRFilteringAtrousPositionSigmaIndirect: 2
    m_PVRFilteringAtrousPositionSigmaAO: 1
  m_LightingDataAsset: {fileID: 0}
  m_UseShadowmask: 1
--- !u!196 &4
NavMeshSettings:
  serializedVersion: 2
  m_ObjectHideFlags: 0
  m_BuildSettings:
    serializedVersion: 2
    agentTypeID: 0
    agentRadius: 0.5
    agentHeight: 2
    agentSlope: 45
    agentClimb: 0.4
    ledgeDropHeight: 0
    maxJumpAcrossDistance: 0
    minRegionArea: 2
    manualCellSize: 0
    cellSize: 0.16666667
    manualTileSize: 0
    tileSize: 256
    accuratePlacement: 0
    debug:
      m_Flags: 0
  m_NavMeshData: {fileID: 0}
--- !u!1 &2203979
GameObject:
  m_ObjectHideFlags: 0
  m_PrefabParentObject: {fileID: 0}
  m_PrefabInternal: {fileID: 0}
  serializedVersion: 5
  m_Component:
  - component: {fileID: 2203980}
  m_Layer: 0
  m_Name: Lucas Gabriel Bica
  m_TagString: Untagged
  m_Icon: {fileID: 0}
  m_NavMeshLayer: 0
  m_StaticEditorFlags: 0
  m_IsActive: 1
--- !u!4 &2203980
Transform:
  m_ObjectHideFlags: 0
  m_PrefabParentObject: {fileID: 0}
  m_PrefabInternal: {fileID: 0}
  m_GameObject: {fileID: 2203979}
  m_LocalRotation: {x: 0, y: 0, z: 0, w: 1}
  m_LocalPosition: {x: 0, y: 0, z: 0}
  m_LocalScale: {x: 1, y: 1, z: 1}
  m_Children: []
  m_Father: {fileID: 0}
  m_RootOrder: 0
  m_LocalEulerAnglesHint: {x: 0, y: 0, z: 0}
--- !u!1 &29292633
GameObject:
  m_ObjectHideFlags: 0
  m_PrefabParentObject: {fileID: 0}
  m_PrefabInternal: {fileID: 0}
  serializedVersion: 5
  m_Component:
  - component: {fileID: 29292634}
  m_Layer: 0
  m_Name: All
  m_TagString: Untagged
  m_Icon: {fileID: 0}
  m_NavMeshLayer: 0
  m_StaticEditorFlags: 0
  m_IsActive: 1
--- !u!4 &29292634
Transform:
  m_ObjectHideFlags: 0
  m_PrefabParentObject: {fileID: 0}
  m_PrefabInternal: {fileID: 0}
  m_GameObject: {fileID: 29292633}
  m_LocalRotation: {x: 0, y: 0, z: 0, w: 1}
  m_LocalPosition: {x: 0.28, y: 0, z: 0}
  m_LocalScale: {x: 1, y: 1, z: 1}
  m_Children:
  - {fileID: 631160438}
  - {fileID: 1704859526}
  - {fileID: 79235712}
  - {fileID: 1454534977}
  - {fileID: 224623406}
  m_Father: {fileID: 0}
  m_RootOrder: 4
  m_LocalEulerAnglesHint: {x: 0, y: 0, z: 0}
--- !u!1 &79235711
GameObject:
  m_ObjectHideFlags: 0
  m_PrefabParentObject: {fileID: 0}
  m_PrefabInternal: {fileID: 0}
  serializedVersion: 5
  m_Component:
  - component: {fileID: 79235712}
  m_Layer: 0
  m_Name: Static
  m_TagString: Untagged
  m_Icon: {fileID: 0}
  m_NavMeshLayer: 0
  m_StaticEditorFlags: 0
  m_IsActive: 1
--- !u!4 &79235712
Transform:
  m_ObjectHideFlags: 0
  m_PrefabParentObject: {fileID: 0}
  m_PrefabInternal: {fileID: 0}
  m_GameObject: {fileID: 79235711}
  m_LocalRotation: {x: -0, y: -0, z: -0, w: 1}
  m_LocalPosition: {x: 0, y: -3.82, z: 0}
  m_LocalScale: {x: 1, y: 1, z: 1}
  m_Children:
  - {fileID: 1773740017}
  - {fileID: 1579607247}
  - {fileID: 419562890}
  - {fileID: 695399158}
  - {fileID: 580643402}
  - {fileID: 1534678560}
  m_Father: {fileID: 29292634}
  m_RootOrder: 2
  m_LocalEulerAnglesHint: {x: 0, y: 0, z: 0}
--- !u!1 &224623404
GameObject:
  m_ObjectHideFlags: 0
  m_PrefabParentObject: {fileID: 0}
  m_PrefabInternal: {fileID: 0}
  serializedVersion: 5
  m_Component:
  - component: {fileID: 224623406}
  - component: {fileID: 224623405}
  - component: {fileID: 224623407}
  m_Layer: 0
  m_Name: Scripts
  m_TagString: Untagged
  m_Icon: {fileID: 0}
  m_NavMeshLayer: 0
  m_StaticEditorFlags: 0
  m_IsActive: 1
--- !u!114 &224623405
MonoBehaviour:
  m_ObjectHideFlags: 0
  m_PrefabParentObject: {fileID: 0}
  m_PrefabInternal: {fileID: 0}
  m_GameObject: {fileID: 224623404}
  m_Enabled: 1
  m_EditorHideFlags: 0
  m_Script: {fileID: 11500000, guid: 4b3d66222f7a59241a6d5e2311be5c9d, type: 3}
  m_Name: 
  m_EditorClassIdentifier: 
  objName: red
  particles: {fileID: 1933788498472666, guid: e6c7b02bd0a4eae4e8117b4fa0ac59b3, type: 2}
--- !u!4 &224623406
Transform:
  m_ObjectHideFlags: 0
  m_PrefabParentObject: {fileID: 0}
  m_PrefabInternal: {fileID: 0}
  m_GameObject: {fileID: 224623404}
  m_LocalRotation: {x: 0, y: 0, z: 0, w: 1}
  m_LocalPosition: {x: 0, y: 0, z: 0}
  m_LocalScale: {x: 1, y: 1, z: 1}
  m_Children: []
  m_Father: {fileID: 29292634}
  m_RootOrder: 4
  m_LocalEulerAnglesHint: {x: 0, y: 0, z: 0}
--- !u!114 &224623407
MonoBehaviour:
  m_ObjectHideFlags: 0
  m_PrefabParentObject: {fileID: 0}
  m_PrefabInternal: {fileID: 0}
  m_GameObject: {fileID: 224623404}
  m_Enabled: 1
  m_EditorHideFlags: 0
  m_Script: {fileID: 11500000, guid: 33b9a2a4e96d0d143bf25d1f746fe478, type: 3}
  m_Name: 
  m_EditorClassIdentifier: 
  scoreText: {fileID: 1474797508}
  currentscore: 1000
--- !u!4 &286222050 stripped
Transform:
  m_PrefabParentObject: {fileID: 4912458449664052, guid: ed2cc4e4fa3a6184fbe8738792d5376a,
    type: 2}
  m_PrefabInternal: {fileID: 1812202378}
--- !u!50 &286222052 stripped
Rigidbody2D:
  m_PrefabParentObject: {fileID: 50073213506718518, guid: ed2cc4e4fa3a6184fbe8738792d5376a,
    type: 2}
  m_PrefabInternal: {fileID: 1812202378}
--- !u!1 &326554382
GameObject:
  m_ObjectHideFlags: 0
  m_PrefabParentObject: {fileID: 0}
  m_PrefabInternal: {fileID: 0}
  serializedVersion: 5
  m_Component:
  - component: {fileID: 326554387}
  - component: {fileID: 326554383}
  - component: {fileID: 326554386}
  - component: {fileID: 326554385}
  - component: {fileID: 326554384}
  m_Layer: 0
  m_Name: Main Camera
  m_TagString: MainCamera
  m_Icon: {fileID: 0}
  m_NavMeshLayer: 0
  m_StaticEditorFlags: 0
  m_IsActive: 1
--- !u!20 &326554383
Camera:
  m_ObjectHideFlags: 0
  m_PrefabParentObject: {fileID: 0}
  m_PrefabInternal: {fileID: 0}
  m_GameObject: {fileID: 326554382}
  m_Enabled: 1
  serializedVersion: 2
  m_ClearFlags: 1
  m_BackGroundColor: {r: 1, g: 1, b: 1, a: 0}
  m_NormalizedViewPortRect:
    serializedVersion: 2
    x: 0
    y: 0
    width: 1
    height: 1
  near clip plane: 0.3
  far clip plane: 1000
  field of view: 60
  orthographic: 1
  orthographic size: 6.665909
  m_Depth: -1
  m_CullingMask:
    serializedVersion: 2
    m_Bits: 4294967295
  m_RenderingPath: -1
  m_TargetTexture: {fileID: 0}
  m_TargetDisplay: 0
  m_TargetEye: 3
  m_HDR: 1
  m_AllowMSAA: 1
  m_ForceIntoRT: 0
  m_OcclusionCulling: 1
  m_StereoConvergence: 10
  m_StereoSeparation: 0.022
--- !u!81 &326554384
AudioListener:
  m_ObjectHideFlags: 0
  m_PrefabParentObject: {fileID: 0}
  m_PrefabInternal: {fileID: 0}
  m_GameObject: {fileID: 326554382}
  m_Enabled: 1
--- !u!124 &326554385
Behaviour:
  m_ObjectHideFlags: 0
  m_PrefabParentObject: {fileID: 0}
  m_PrefabInternal: {fileID: 0}
  m_GameObject: {fileID: 326554382}
  m_Enabled: 1
--- !u!92 &326554386
Behaviour:
  m_ObjectHideFlags: 0
  m_PrefabParentObject: {fileID: 0}
  m_PrefabInternal: {fileID: 0}
  m_GameObject: {fileID: 326554382}
  m_Enabled: 1
--- !u!4 &326554387
Transform:
  m_ObjectHideFlags: 0
  m_PrefabParentObject: {fileID: 0}
  m_PrefabInternal: {fileID: 0}
  m_GameObject: {fileID: 326554382}
  m_LocalRotation: {x: 0, y: 0, z: 0, w: 1}
  m_LocalPosition: {x: -0.54, y: 0.81, z: -10}
  m_LocalScale: {x: 1, y: 1, z: 1}
  m_Children: []
  m_Father: {fileID: 0}
  m_RootOrder: 1
  m_LocalEulerAnglesHint: {x: 0, y: 0, z: 0}
--- !u!1001 &338795508
Prefab:
  m_ObjectHideFlags: 0
  serializedVersion: 2
  m_Modification:
    m_TransformParent: {fileID: 79235712}
    m_Modifications:
    - target: {fileID: 4147404577114896, guid: 93f4d722151f3fe4f99f8b4d38f7cae5, type: 2}
      propertyPath: m_LocalPosition.x
      value: 5.66
      objectReference: {fileID: 0}
    - target: {fileID: 4147404577114896, guid: 93f4d722151f3fe4f99f8b4d38f7cae5, type: 2}
      propertyPath: m_LocalPosition.y
      value: 2.75
      objectReference: {fileID: 0}
    - target: {fileID: 4147404577114896, guid: 93f4d722151f3fe4f99f8b4d38f7cae5, type: 2}
      propertyPath: m_LocalPosition.z
      value: 0
      objectReference: {fileID: 0}
    - target: {fileID: 4147404577114896, guid: 93f4d722151f3fe4f99f8b4d38f7cae5, type: 2}
      propertyPath: m_LocalRotation.x
      value: -0
      objectReference: {fileID: 0}
    - target: {fileID: 4147404577114896, guid: 93f4d722151f3fe4f99f8b4d38f7cae5, type: 2}
      propertyPath: m_LocalRotation.y
      value: -0
      objectReference: {fileID: 0}
    - target: {fileID: 4147404577114896, guid: 93f4d722151f3fe4f99f8b4d38f7cae5, type: 2}
      propertyPath: m_LocalRotation.z
      value: -0.7071068
      objectReference: {fileID: 0}
    - target: {fileID: 4147404577114896, guid: 93f4d722151f3fe4f99f8b4d38f7cae5, type: 2}
      propertyPath: m_LocalRotation.w
      value: 0.7071068
      objectReference: {fileID: 0}
    - target: {fileID: 4147404577114896, guid: 93f4d722151f3fe4f99f8b4d38f7cae5, type: 2}
      propertyPath: m_RootOrder
      value: 4
      objectReference: {fileID: 0}
    - target: {fileID: 4147404577114896, guid: 93f4d722151f3fe4f99f8b4d38f7cae5, type: 2}
      propertyPath: m_LocalEulerAnglesHint.z
      value: -90
      objectReference: {fileID: 0}
    - target: {fileID: 4147404577114896, guid: 93f4d722151f3fe4f99f8b4d38f7cae5, type: 2}
      propertyPath: m_LocalScale.x
      value: 0.46000025
      objectReference: {fileID: 0}
    - target: {fileID: 4147404577114896, guid: 93f4d722151f3fe4f99f8b4d38f7cae5, type: 2}
      propertyPath: m_LocalScale.y
      value: 1.3500005
      objectReference: {fileID: 0}
    - target: {fileID: 1262643380763166, guid: 93f4d722151f3fe4f99f8b4d38f7cae5, type: 2}
      propertyPath: m_Name
      value: LightBlueBase Mid
      objectReference: {fileID: 0}
    m_RemovedComponents: []
  m_ParentPrefab: {fileID: 100100000, guid: 93f4d722151f3fe4f99f8b4d38f7cae5, type: 2}
  m_IsPrefabParent: 0
--- !u!1 &419562889
GameObject:
  m_ObjectHideFlags: 0
  m_PrefabParentObject: {fileID: 0}
  m_PrefabInternal: {fileID: 0}
  serializedVersion: 5
  m_Component:
  - component: {fileID: 419562890}
  - component: {fileID: 419562892}
  - component: {fileID: 419562891}
  m_Layer: 0
  m_Name: LightBlueRectangle Abajo
  m_TagString: Untagged
  m_Icon: {fileID: 0}
  m_NavMeshLayer: 0
  m_StaticEditorFlags: 0
  m_IsActive: 1
--- !u!4 &419562890
Transform:
  m_ObjectHideFlags: 0
  m_PrefabParentObject: {fileID: 0}
  m_PrefabInternal: {fileID: 0}
  m_GameObject: {fileID: 419562889}
  m_LocalRotation: {x: -0, y: -0, z: -0, w: 1}
  m_LocalPosition: {x: 4.38, y: -1.16, z: 0}
  m_LocalScale: {x: 1.1999999, y: 1, z: 1}
  m_Children: []
  m_Father: {fileID: 79235712}
  m_RootOrder: 2
  m_LocalEulerAnglesHint: {x: 0, y: 0, z: 0}
--- !u!61 &419562891
BoxCollider2D:
  m_ObjectHideFlags: 0
  m_PrefabParentObject: {fileID: 0}
  m_PrefabInternal: {fileID: 0}
  m_GameObject: {fileID: 419562889}
  m_Enabled: 1
  m_Density: 1
  m_Material: {fileID: 0}
  m_IsTrigger: 0
  m_UsedByEffector: 0
  m_UsedByComposite: 0
  m_Offset: {x: 0, y: 0}
  m_SpriteTilingProperty:
    border: {x: 0.099999994, y: 0.099999994, z: 0.099999994, w: 0.099999994}
    pivot: {x: 0.5, y: 0.5}
    oldSize: {x: 5.39, y: 0.5}
    newSize: {x: 5.39, y: 0.5}
    adaptiveTilingThreshold: 0.5
    drawMode: 0
    adaptiveTiling: 0
  m_AutoTiling: 0
  serializedVersion: 2
  m_Size: {x: 5.39, y: 0.5}
  m_EdgeRadius: 0
--- !u!212 &419562892
SpriteRenderer:
  m_ObjectHideFlags: 0
  m_PrefabParentObject: {fileID: 0}
  m_PrefabInternal: {fileID: 0}
  m_GameObject: {fileID: 419562889}
  m_Enabled: 1
  m_CastShadows: 0
  m_ReceiveShadows: 0
  m_DynamicOccludee: 1
  m_MotionVectors: 1
  m_LightProbeUsage: 1
  m_ReflectionProbeUsage: 1
  m_Materials:
  - {fileID: 10754, guid: 0000000000000000f000000000000000, type: 0}
  m_StaticBatchInfo:
    firstSubMesh: 0
    subMeshCount: 0
  m_StaticBatchRoot: {fileID: 0}
  m_ProbeAnchor: {fileID: 0}
  m_LightProbeVolumeOverride: {fileID: 0}
  m_ScaleInLightmap: 1
  m_PreserveUVs: 0
  m_IgnoreNormalsForChartDetection: 0
  m_ImportantGI: 0
  m_StitchLightmapSeams: 0
  m_SelectedEditorRenderState: 0
  m_MinimumChartSize: 4
  m_AutoUVMaxDistance: 0.5
  m_AutoUVMaxAngle: 89
  m_LightmapParameters: {fileID: 0}
  m_SortingLayerID: 0
  m_SortingLayer: 0
  m_SortingOrder: 0
  m_Sprite: {fileID: 21300000, guid: 045d3144a8d7e1945ad857df16dbe62a, type: 3}
  m_Color: {r: 1, g: 1, b: 1, a: 1}
  m_FlipX: 0
  m_FlipY: 0
  m_DrawMode: 0
  m_Size: {x: 5.39, y: 0.5}
  m_AdaptiveModeThreshold: 0.5
  m_SpriteTileMode: 0
  m_WasSpriteAssigned: 1
  m_MaskInteraction: 0
--- !u!114 &464347038
MonoBehaviour:
  m_ObjectHideFlags: 0
  m_PrefabParentObject: {fileID: 114530457809437204, guid: 2c83a39f9826b1e4c8dc43c5d34a58c2,
    type: 2}
  m_PrefabInternal: {fileID: 0}
  m_GameObject: {fileID: 563621409}
  m_Enabled: 1
  m_EditorHideFlags: 0
  m_Script: {fileID: 11500000, guid: 9e3826e30dec4104a922f0b928ec085d, type: 3}
  m_Name: 
  m_EditorClassIdentifier: 
  All: {fileID: 29292633}
  LevelFinish: {fileID: 1474797507}
  pause: {fileID: 1474797509}
  GameComplete: 0
--- !u!1001 &517750993
Prefab:
  m_ObjectHideFlags: 0
  serializedVersion: 2
  m_Modification:
    m_TransformParent: {fileID: 29292634}
    m_Modifications:
    - target: {fileID: 4568045733874780, guid: 4e41c873e58e0ed4bba7cdd0f56c2a11, type: 2}
      propertyPath: m_LocalPosition.x
      value: 6.14
      objectReference: {fileID: 0}
    - target: {fileID: 4568045733874780, guid: 4e41c873e58e0ed4bba7cdd0f56c2a11, type: 2}
      propertyPath: m_LocalPosition.y
      value: 3.02
      objectReference: {fileID: 0}
    - target: {fileID: 4568045733874780, guid: 4e41c873e58e0ed4bba7cdd0f56c2a11, type: 2}
      propertyPath: m_LocalPosition.z
      value: -0.60181874
      objectReference: {fileID: 0}
    - target: {fileID: 4568045733874780, guid: 4e41c873e58e0ed4bba7cdd0f56c2a11, type: 2}
      propertyPath: m_LocalRotation.x
      value: -0
      objectReference: {fileID: 0}
    - target: {fileID: 4568045733874780, guid: 4e41c873e58e0ed4bba7cdd0f56c2a11, type: 2}
      propertyPath: m_LocalRotation.y
      value: -0
      objectReference: {fileID: 0}
    - target: {fileID: 4568045733874780, guid: 4e41c873e58e0ed4bba7cdd0f56c2a11, type: 2}
      propertyPath: m_LocalRotation.z
      value: -0
      objectReference: {fileID: 0}
    - target: {fileID: 4568045733874780, guid: 4e41c873e58e0ed4bba7cdd0f56c2a11, type: 2}
      propertyPath: m_LocalRotation.w
      value: 1
      objectReference: {fileID: 0}
    - target: {fileID: 4568045733874780, guid: 4e41c873e58e0ed4bba7cdd0f56c2a11, type: 2}
      propertyPath: m_RootOrder
      value: 3
      objectReference: {fileID: 0}
    - target: {fileID: 1707075816179162, guid: 4e41c873e58e0ed4bba7cdd0f56c2a11, type: 2}
      propertyPath: m_Name
      value: Box Blue
      objectReference: {fileID: 0}
    - target: {fileID: 4568045733874780, guid: 4e41c873e58e0ed4bba7cdd0f56c2a11, type: 2}
      propertyPath: m_LocalScale.x
      value: 0.52861
      objectReference: {fileID: 0}
    - target: {fileID: 4568045733874780, guid: 4e41c873e58e0ed4bba7cdd0f56c2a11, type: 2}
      propertyPath: m_LocalScale.y
      value: 0.52861
      objectReference: {fileID: 0}
    - target: {fileID: 4568045733874780, guid: 4e41c873e58e0ed4bba7cdd0f56c2a11, type: 2}
      propertyPath: m_LocalScale.z
      value: 0.52861
      objectReference: {fileID: 0}
    m_RemovedComponents: []
  m_ParentPrefab: {fileID: 100100000, guid: 4e41c873e58e0ed4bba7cdd0f56c2a11, type: 2}
  m_IsPrefabParent: 0
--- !u!1 &563621409
GameObject:
  m_ObjectHideFlags: 0
  m_PrefabParentObject: {fileID: 1650934930957698, guid: 2c83a39f9826b1e4c8dc43c5d34a58c2,
    type: 2}
  m_PrefabInternal: {fileID: 0}
  serializedVersion: 5
  m_Component:
  - component: {fileID: 563621412}
  - component: {fileID: 563621411}
  - component: {fileID: 563621410}
  - component: {fileID: 464347038}
  m_Layer: 0
  m_Name: LightBlueBase (2)
  m_TagString: Over
  m_Icon: {fileID: 0}
  m_NavMeshLayer: 0
  m_StaticEditorFlags: 0
  m_IsActive: 1
--- !u!61 &563621410
BoxCollider2D:
  m_ObjectHideFlags: 0
  m_PrefabParentObject: {fileID: 61862163715092682, guid: 2c83a39f9826b1e4c8dc43c5d34a58c2,
    type: 2}
  m_PrefabInternal: {fileID: 0}
  m_GameObject: {fileID: 563621409}
  m_Enabled: 1
  m_Density: 1
  m_Material: {fileID: 0}
  m_IsTrigger: 1
  m_UsedByEffector: 0
  m_UsedByComposite: 0
  m_Offset: {x: 0, y: 0}
  m_SpriteTilingProperty:
    border: {x: 0, y: 0, z: 0, w: 0}
    pivot: {x: 0.5, y: 0.5}
    oldSize: {x: 15.56, y: 1.42}
    newSize: {x: 15.56, y: 1.42}
    adaptiveTilingThreshold: 0.5
    drawMode: 0
    adaptiveTiling: 0
  m_AutoTiling: 0
  serializedVersion: 2
  m_Size: {x: 15.56, y: 1.42}
  m_EdgeRadius: 0
--- !u!212 &563621411
SpriteRenderer:
  m_ObjectHideFlags: 0
  m_PrefabParentObject: {fileID: 212670343784322156, guid: 2c83a39f9826b1e4c8dc43c5d34a58c2,
    type: 2}
  m_PrefabInternal: {fileID: 0}
  m_GameObject: {fileID: 563621409}
  m_Enabled: 1
  m_CastShadows: 0
  m_ReceiveShadows: 0
  m_DynamicOccludee: 1
  m_MotionVectors: 1
  m_LightProbeUsage: 1
  m_ReflectionProbeUsage: 1
  m_Materials:
  - {fileID: 10754, guid: 0000000000000000f000000000000000, type: 0}
  m_StaticBatchInfo:
    firstSubMesh: 0
    subMeshCount: 0
  m_StaticBatchRoot: {fileID: 0}
  m_ProbeAnchor: {fileID: 0}
  m_LightProbeVolumeOverride: {fileID: 0}
  m_ScaleInLightmap: 1
  m_PreserveUVs: 0
  m_IgnoreNormalsForChartDetection: 0
  m_ImportantGI: 0
  m_StitchLightmapSeams: 0
  m_SelectedEditorRenderState: 0
  m_MinimumChartSize: 4
  m_AutoUVMaxDistance: 0.5
  m_AutoUVMaxAngle: 89
  m_LightmapParameters: {fileID: 0}
  m_SortingLayerID: 0
  m_SortingLayer: 0
  m_SortingOrder: 0
  m_Sprite: {fileID: 21300000, guid: 3bfe37246c013e348859bfba2309a472, type: 3}
  m_Color: {r: 1, g: 1, b: 1, a: 0}
  m_FlipX: 0
  m_FlipY: 0
  m_DrawMode: 0
  m_Size: {x: 15.56, y: 1.42}
  m_AdaptiveModeThreshold: 0.5
  m_SpriteTileMode: 0
  m_WasSpriteAssigned: 1
  m_MaskInteraction: 0
--- !u!4 &563621412
Transform:
  m_ObjectHideFlags: 0
  m_PrefabParentObject: {fileID: 4373686611762988, guid: 2c83a39f9826b1e4c8dc43c5d34a58c2,
    type: 2}
  m_PrefabInternal: {fileID: 0}
  m_GameObject: {fileID: 563621409}
  m_LocalRotation: {x: -0, y: -0, z: -0, w: 1}
  m_LocalPosition: {x: 7.8233275, y: -11.67, z: -90}
  m_LocalScale: {x: 2.6625, y: 1, z: 1}
  m_Children: []
  m_Father: {fileID: 1485161155}
  m_RootOrder: 0
  m_LocalEulerAnglesHint: {x: 0, y: 0, z: 0}
--- !u!4 &580643402 stripped
Transform:
  m_PrefabParentObject: {fileID: 4147404577114896, guid: 93f4d722151f3fe4f99f8b4d38f7cae5,
    type: 2}
  m_PrefabInternal: {fileID: 338795508}
--- !u!4 &631160438 stripped
Transform:
  m_PrefabParentObject: {fileID: 4959098625381886, guid: ed2cc4e4fa3a6184fbe8738792d5376a,
    type: 2}
  m_PrefabInternal: {fileID: 1812202378}
--- !u!4 &695399158 stripped
Transform:
  m_PrefabParentObject: {fileID: 4147404577114896, guid: 93f4d722151f3fe4f99f8b4d38f7cae5,
    type: 2}
  m_PrefabInternal: {fileID: 1152725122}
--- !u!1 &709569334
GameObject:
  m_ObjectHideFlags: 0
  m_PrefabParentObject: {fileID: 0}
  m_PrefabInternal: {fileID: 0}
  serializedVersion: 5
  m_Component:
  - component: {fileID: 709569335}
  - component: {fileID: 709569337}
  - component: {fileID: 709569336}
  m_Layer: 0
  m_Name: LightBlue_Bag
  m_TagString: Untagged
  m_Icon: {fileID: 0}
  m_NavMeshLayer: 0
  m_StaticEditorFlags: 0
  m_IsActive: 1
--- !u!4 &709569335
Transform:
  m_ObjectHideFlags: 0
  m_PrefabParentObject: {fileID: 0}
  m_PrefabInternal: {fileID: 0}
  m_GameObject: {fileID: 709569334}
  m_LocalRotation: {x: -0, y: -0, z: -0, w: 1}
  m_LocalPosition: {x: 0.11694944, y: -0.04550457, z: 0}
  m_LocalScale: {x: 1.1843367, y: 1.1843367, z: 1.1843367}
  m_Children: []
  m_Father: {fileID: 1704859526}
  m_RootOrder: 0
  m_LocalEulerAnglesHint: {x: 0, y: 0, z: 0}
--- !u!68 &709569336
EdgeCollider2D:
  m_ObjectHideFlags: 0
  m_PrefabParentObject: {fileID: 0}
  m_PrefabInternal: {fileID: 0}
  m_GameObject: {fileID: 709569334}
  m_Enabled: 1
  m_Density: 1
  m_Material: {fileID: 0}
  m_IsTrigger: 0
  m_UsedByEffector: 0
  m_UsedByComposite: 0
  m_Offset: {x: 0, y: 0}
  m_EdgeRadius: 0
  m_Points:
  - {x: 0.95549655, y: 0.95580846}
  - {x: 1.1589907, y: 0.95809454}
  - {x: 1.162306, y: -0.9634268}
  - {x: -1.1614382, y: -0.9663821}
  - {x: -1.1536193, y: 0.9612575}
  - {x: -0.9280105, y: 0.96922696}
  - {x: -0.9221575, y: -0.7247797}
  - {x: 0.94720954, y: -0.7204644}
  - {x: 0.95243806, y: 0.95296115}
--- !u!212 &709569337
SpriteRenderer:
  m_ObjectHideFlags: 0
  m_PrefabParentObject: {fileID: 0}
  m_PrefabInternal: {fileID: 0}
  m_GameObject: {fileID: 709569334}
  m_Enabled: 1
  m_CastShadows: 0
  m_ReceiveShadows: 0
  m_DynamicOccludee: 1
  m_MotionVectors: 1
  m_LightProbeUsage: 1
  m_ReflectionProbeUsage: 1
  m_Materials:
  - {fileID: 10754, guid: 0000000000000000f000000000000000, type: 0}
  m_StaticBatchInfo:
    firstSubMesh: 0
    subMeshCount: 0
  m_StaticBatchRoot: {fileID: 0}
  m_ProbeAnchor: {fileID: 0}
  m_LightProbeVolumeOverride: {fileID: 0}
  m_ScaleInLightmap: 1
  m_PreserveUVs: 0
  m_IgnoreNormalsForChartDetection: 0
  m_ImportantGI: 0
  m_StitchLightmapSeams: 0
  m_SelectedEditorRenderState: 0
  m_MinimumChartSize: 4
  m_AutoUVMaxDistance: 0.5
  m_AutoUVMaxAngle: 89
  m_LightmapParameters: {fileID: 0}
  m_SortingLayerID: 0
  m_SortingLayer: 0
  m_SortingOrder: 0
  m_Sprite: {fileID: 21300000, guid: 3277f3c5ccea1ab4999df77bc749f5e7, type: 3}
  m_Color: {r: 1, g: 1, b: 1, a: 1}
  m_FlipX: 0
  m_FlipY: 0
  m_DrawMode: 0
  m_Size: {x: 2.31, y: 1.93}
  m_AdaptiveModeThreshold: 0.5
  m_SpriteTileMode: 0
  m_WasSpriteAssigned: 1
  m_MaskInteraction: 0
--- !u!1 &754976653
GameObject:
  m_ObjectHideFlags: 0
  m_PrefabParentObject: {fileID: 1003246748257472, guid: 2c83a39f9826b1e4c8dc43c5d34a58c2,
    type: 2}
  m_PrefabInternal: {fileID: 0}
  serializedVersion: 5
  m_Component:
  - component: {fileID: 754976654}
  m_Layer: 0
  m_Name: GameObject (1)
  m_TagString: Untagged
  m_Icon: {fileID: 0}
  m_NavMeshLayer: 0
  m_StaticEditorFlags: 0
  m_IsActive: 1
--- !u!4 &754976654
Transform:
  m_ObjectHideFlags: 0
  m_PrefabParentObject: {fileID: 4622098312209984, guid: 2c83a39f9826b1e4c8dc43c5d34a58c2,
    type: 2}
  m_PrefabInternal: {fileID: 0}
  m_GameObject: {fileID: 754976653}
  m_LocalRotation: {x: -0, y: -0, z: -0, w: 1}
  m_LocalPosition: {x: 6.3952017, y: 0.82, z: 0.09302521}
  m_LocalScale: {x: 1, y: 1, z: 1}
  m_Children: []
  m_Father: {fileID: 1485161155}
  m_RootOrder: 1
  m_LocalEulerAnglesHint: {x: 0, y: 0, z: 0}
--- !u!1 &963790347
GameObject:
  m_ObjectHideFlags: 0
  m_PrefabParentObject: {fileID: 0}
  m_PrefabInternal: {fileID: 0}
  serializedVersion: 5
  m_Component:
  - component: {fileID: 963790348}
  - component: {fileID: 963790354}
  - component: {fileID: 963790353}
  - component: {fileID: 963790352}
  - component: {fileID: 963790351}
  - component: {fileID: 963790350}
  - component: {fileID: 963790349}
  m_Layer: 0
  m_Name: red
  m_TagString: Untagged
  m_Icon: {fileID: 0}
  m_NavMeshLayer: 0
  m_StaticEditorFlags: 0
  m_IsActive: 1
--- !u!4 &963790348
Transform:
  m_ObjectHideFlags: 0
  m_PrefabParentObject: {fileID: 0}
  m_PrefabInternal: {fileID: 0}
  m_GameObject: {fileID: 963790347}
  m_LocalRotation: {x: -0, y: -0, z: -0, w: 1}
  m_LocalPosition: {x: 0.12, y: -0.04, z: 0}
  m_LocalScale: {x: 1.1, y: 1, z: 1}
  m_Children: []
  m_Father: {fileID: 1704859526}
  m_RootOrder: 1
  m_LocalEulerAnglesHint: {x: 0, y: 0, z: 0}
--- !u!114 &963790349
MonoBehaviour:
  m_ObjectHideFlags: 0
  m_PrefabParentObject: {fileID: 0}
  m_PrefabInternal: {fileID: 0}
  m_GameObject: {fileID: 963790347}
  m_Enabled: 1
  m_EditorHideFlags: 0
  m_Script: {fileID: 11500000, guid: fb65aac13b8e8594f83079c046b24b49, type: 3}
  m_Name: 
  m_EditorClassIdentifier: 
  ConnectedObj: {fileID: 286222050}
  offSet: {x: 0, y: 0}
--- !u!120 &963790350
LineRenderer:
  m_ObjectHideFlags: 0
  m_PrefabParentObject: {fileID: 0}
  m_PrefabInternal: {fileID: 0}
  m_GameObject: {fileID: 963790347}
  m_Enabled: 1
  m_CastShadows: 1
  m_ReceiveShadows: 1
  m_DynamicOccludee: 1
  m_MotionVectors: 1
  m_LightProbeUsage: 0
  m_ReflectionProbeUsage: 0
  m_Materials:
  - {fileID: 2100000, guid: 6cdc93452943250439b1352e90a15627, type: 2}
  m_StaticBatchInfo:
    firstSubMesh: 0
    subMeshCount: 0
  m_StaticBatchRoot: {fileID: 0}
  m_ProbeAnchor: {fileID: 0}
  m_LightProbeVolumeOverride: {fileID: 0}
  m_ScaleInLightmap: 1
  m_PreserveUVs: 0
  m_IgnoreNormalsForChartDetection: 0
  m_ImportantGI: 0
  m_StitchLightmapSeams: 0
  m_SelectedEditorRenderState: 3
  m_MinimumChartSize: 4
  m_AutoUVMaxDistance: 0.5
  m_AutoUVMaxAngle: 89
  m_LightmapParameters: {fileID: 0}
  m_SortingLayerID: 0
  m_SortingLayer: 0
  m_SortingOrder: 0
  m_Positions:
  - {x: 0, y: 0, z: 0}
  - {x: 0, y: 0, z: 1}
  m_Parameters:
    serializedVersion: 2
    widthMultiplier: 1
    widthCurve:
      serializedVersion: 2
      m_Curve:
      - serializedVersion: 2
        time: 0.0000019073486
        value: 0.042549133
        inSlope: 0
        outSlope: 0
        tangentMode: 0
      m_PreInfinity: 2
      m_PostInfinity: 2
      m_RotationOrder: 0
    colorGradient:
      serializedVersion: 2
      key0: {r: 1, g: 1, b: 1, a: 1}
      key1: {r: 1, g: 1, b: 1, a: 1}
      key2: {r: 0, g: 0, b: 0, a: 0}
      key3: {r: 0, g: 0, b: 0, a: 0}
      key4: {r: 0, g: 0, b: 0, a: 0}
      key5: {r: 0, g: 0, b: 0, a: 0}
      key6: {r: 0, g: 0, b: 0, a: 0}
      key7: {r: 0, g: 0, b: 0, a: 0}
      ctime0: 0
      ctime1: 65535
      ctime2: 0
      ctime3: 0
      ctime4: 0
      ctime5: 0
      ctime6: 0
      ctime7: 0
      atime0: 0
      atime1: 65535
      atime2: 0
      atime3: 0
      atime4: 0
      atime5: 0
      atime6: 0
      atime7: 0
      m_Mode: 0
      m_NumColorKeys: 2
      m_NumAlphaKeys: 2
    numCornerVertices: 0
    numCapVertices: 0
    alignment: 0
    textureMode: 0
    generateLightingData: 0
  m_UseWorldSpace: 1
  m_Loop: 0
--- !u!233 &963790351
HingeJoint2D:
  m_ObjectHideFlags: 0
  m_PrefabParentObject: {fileID: 0}
  m_PrefabInternal: {fileID: 0}
  m_GameObject: {fileID: 963790347}
  m_Enabled: 1
  serializedVersion: 4
  m_EnableCollision: 0
  m_ConnectedRigidBody: {fileID: 286222052}
  m_BreakForce: Infinity
  m_BreakTorque: Infinity
  m_AutoConfigureConnectedAnchor: 1
  m_Anchor: {x: 0, y: 0}
  m_ConnectedAnchor: {x: 7.0425014, y: -2.8825004}
  m_UseMotor: 0
  m_Motor:
    m_MotorSpeed: 0
    m_MaximumMotorForce: 10000
  m_UseLimits: 0
  m_AngleLimits:
    m_LowerAngle: 0
    m_UpperAngle: 360
--- !u!50 &963790352
Rigidbody2D:
  serializedVersion: 4
  m_ObjectHideFlags: 0
  m_PrefabParentObject: {fileID: 0}
  m_PrefabInternal: {fileID: 0}
  m_GameObject: {fileID: 963790347}
  m_BodyType: 0
  m_Simulated: 1
  m_UseFullKinematicContacts: 0
  m_UseAutoMass: 0
  m_Mass: 1
  m_LinearDrag: 0
  m_AngularDrag: 0.05
  m_GravityScale: 1
  m_Material: {fileID: 0}
  m_Interpolate: 0
  m_SleepingMode: 1
  m_CollisionDetection: 0
  m_Constraints: 0
--- !u!61 &963790353
BoxCollider2D:
  m_ObjectHideFlags: 0
  m_PrefabParentObject: {fileID: 0}
  m_PrefabInternal: {fileID: 0}
  m_GameObject: {fileID: 963790347}
  m_Enabled: 1
  m_Density: 1
  m_Material: {fileID: 0}
  m_IsTrigger: 0
  m_UsedByEffector: 0
  m_UsedByComposite: 0
  m_Offset: {x: 0, y: 0.013440132}
  m_SpriteTilingProperty:
    border: {x: 0, y: 0, z: 0, w: 0}
    pivot: {x: 0.5, y: 0.5}
    oldSize: {x: 1.75, y: 1.61}
    newSize: {x: 2.25, y: 2.25}
    adaptiveTilingThreshold: 0.5
    drawMode: 0
    adaptiveTiling: 0
  m_AutoTiling: 0
  serializedVersion: 2
  m_Size: {x: 1.7879236, y: 1.6138382}
  m_EdgeRadius: 0
--- !u!212 &963790354
SpriteRenderer:
  m_ObjectHideFlags: 0
  m_PrefabParentObject: {fileID: 0}
  m_PrefabInternal: {fileID: 0}
  m_GameObject: {fileID: 963790347}
  m_Enabled: 1
  m_CastShadows: 0
  m_ReceiveShadows: 0
  m_DynamicOccludee: 1
  m_MotionVectors: 1
  m_LightProbeUsage: 1
  m_ReflectionProbeUsage: 1
  m_Materials:
  - {fileID: 10754, guid: 0000000000000000f000000000000000, type: 0}
  m_StaticBatchInfo:
    firstSubMesh: 0
    subMeshCount: 0
  m_StaticBatchRoot: {fileID: 0}
  m_ProbeAnchor: {fileID: 0}
  m_LightProbeVolumeOverride: {fileID: 0}
  m_ScaleInLightmap: 1
  m_PreserveUVs: 0
  m_IgnoreNormalsForChartDetection: 0
  m_ImportantGI: 0
  m_StitchLightmapSeams: 0
  m_SelectedEditorRenderState: 0
  m_MinimumChartSize: 4
  m_AutoUVMaxDistance: 0.5
  m_AutoUVMaxAngle: 89
  m_LightmapParameters: {fileID: 0}
  m_SortingLayerID: 0
  m_SortingLayer: 0
  m_SortingOrder: 0
  m_Sprite: {fileID: 21300000, guid: 2e334cf25bdf2c0479e4e9e75fe14036, type: 3}
  m_Color: {r: 1, g: 1, b: 1, a: 1}
  m_FlipX: 0
  m_FlipY: 0
  m_DrawMode: 0
  m_Size: {x: 2.25, y: 2.25}
  m_AdaptiveModeThreshold: 0.5
  m_SpriteTileMode: 0
  m_WasSpriteAssigned: 1
  m_MaskInteraction: 0
--- !u!1001 &1152725122
Prefab:
  m_ObjectHideFlags: 0
  serializedVersion: 2
  m_Modification:
    m_TransformParent: {fileID: 79235712}
    m_Modifications:
    - target: {fileID: 4147404577114896, guid: 93f4d722151f3fe4f99f8b4d38f7cae5, type: 2}
      propertyPath: m_LocalPosition.x
      value: -12.39
      objectReference: {fileID: 0}
    - target: {fileID: 4147404577114896, guid: 93f4d722151f3fe4f99f8b4d38f7cae5, type: 2}
      propertyPath: m_LocalPosition.y
      value: 4.89
      objectReference: {fileID: 0}
    - target: {fileID: 4147404577114896, guid: 93f4d722151f3fe4f99f8b4d38f7cae5, type: 2}
      propertyPath: m_LocalPosition.z
      value: 0
      objectReference: {fileID: 0}
    - target: {fileID: 4147404577114896, guid: 93f4d722151f3fe4f99f8b4d38f7cae5, type: 2}
      propertyPath: m_LocalRotation.x
      value: -0
      objectReference: {fileID: 0}
    - target: {fileID: 4147404577114896, guid: 93f4d722151f3fe4f99f8b4d38f7cae5, type: 2}
      propertyPath: m_LocalRotation.y
      value: -0
      objectReference: {fileID: 0}
    - target: {fileID: 4147404577114896, guid: 93f4d722151f3fe4f99f8b4d38f7cae5, type: 2}
      propertyPath: m_LocalRotation.z
      value: -0.7071068
      objectReference: {fileID: 0}
    - target: {fileID: 4147404577114896, guid: 93f4d722151f3fe4f99f8b4d38f7cae5, type: 2}
      propertyPath: m_LocalRotation.w
      value: 0.7071068
      objectReference: {fileID: 0}
    - target: {fileID: 4147404577114896, guid: 93f4d722151f3fe4f99f8b4d38f7cae5, type: 2}
      propertyPath: m_RootOrder
      value: 3
      objectReference: {fileID: 0}
    - target: {fileID: 1262643380763166, guid: 93f4d722151f3fe4f99f8b4d38f7cae5, type: 2}
      propertyPath: m_Name
      value: LightBlueBase Left
      objectReference: {fileID: 0}
    - target: {fileID: 4147404577114896, guid: 93f4d722151f3fe4f99f8b4d38f7cae5, type: 2}
      propertyPath: m_LocalEulerAnglesHint.z
      value: -90
      objectReference: {fileID: 0}
    - target: {fileID: 4147404577114896, guid: 93f4d722151f3fe4f99f8b4d38f7cae5, type: 2}
      propertyPath: m_LocalScale.x
      value: 0.8000005
      objectReference: {fileID: 0}
    - target: {fileID: 4147404577114896, guid: 93f4d722151f3fe4f99f8b4d38f7cae5, type: 2}
      propertyPath: m_LocalScale.y
      value: 0.8000005
      objectReference: {fileID: 0}
    m_RemovedComponents: []
  m_ParentPrefab: {fileID: 100100000, guid: 93f4d722151f3fe4f99f8b4d38f7cae5, type: 2}
  m_IsPrefabParent: 0
--- !u!4 &1454534977 stripped
Transform:
  m_PrefabParentObject: {fileID: 4568045733874780, guid: 4e41c873e58e0ed4bba7cdd0f56c2a11,
    type: 2}
  m_PrefabInternal: {fileID: 517750993}
--- !u!1001 &1474797506
Prefab:
  m_ObjectHideFlags: 0
  serializedVersion: 2
  m_Modification:
    m_TransformParent: {fileID: 0}
    m_Modifications:
    - target: {fileID: 114312753302748552, guid: 650d839b329dc774cbd9d2c0ed016487,
        type: 2}
      propertyPath: m_OnClick.m_PersistentCalls.m_Calls.Array.size
      value: 1
      objectReference: {fileID: 0}
    - target: {fileID: 224627723801850652, guid: 650d839b329dc774cbd9d2c0ed016487,
        type: 2}
      propertyPath: m_LocalPosition.x
      value: -0.54
      objectReference: {fileID: 0}
    - target: {fileID: 224627723801850652, guid: 650d839b329dc774cbd9d2c0ed016487,
        type: 2}
      propertyPath: m_LocalPosition.y
      value: 0.81
      objectReference: {fileID: 0}
    - target: {fileID: 224627723801850652, guid: 650d839b329dc774cbd9d2c0ed016487,
        type: 2}
      propertyPath: m_LocalPosition.z
      value: 0
      objectReference: {fileID: 0}
    - target: {fileID: 224627723801850652, guid: 650d839b329dc774cbd9d2c0ed016487,
        type: 2}
      propertyPath: m_LocalRotation.x
      value: 0
      objectReference: {fileID: 0}
    - target: {fileID: 224627723801850652, guid: 650d839b329dc774cbd9d2c0ed016487,
        type: 2}
      propertyPath: m_LocalRotation.y
      value: 0
      objectReference: {fileID: 0}
    - target: {fileID: 224627723801850652, guid: 650d839b329dc774cbd9d2c0ed016487,
        type: 2}
      propertyPath: m_LocalRotation.z
      value: 0
      objectReference: {fileID: 0}
    - target: {fileID: 224627723801850652, guid: 650d839b329dc774cbd9d2c0ed016487,
        type: 2}
      propertyPath: m_LocalRotation.w
      value: 1
      objectReference: {fileID: 0}
    - target: {fileID: 224627723801850652, guid: 650d839b329dc774cbd9d2c0ed016487,
        type: 2}
      propertyPath: m_RootOrder
      value: 2
      objectReference: {fileID: 0}
    - target: {fileID: 224627723801850652, guid: 650d839b329dc774cbd9d2c0ed016487,
        type: 2}
      propertyPath: m_AnchoredPosition.x
      value: 0
      objectReference: {fileID: 0}
    - target: {fileID: 224627723801850652, guid: 650d839b329dc774cbd9d2c0ed016487,
        type: 2}
      propertyPath: m_AnchoredPosition.y
      value: 0
      objectReference: {fileID: 0}
    - target: {fileID: 224627723801850652, guid: 650d839b329dc774cbd9d2c0ed016487,
        type: 2}
      propertyPath: m_SizeDelta.x
      value: 0
      objectReference: {fileID: 0}
    - target: {fileID: 224627723801850652, guid: 650d839b329dc774cbd9d2c0ed016487,
        type: 2}
      propertyPath: m_SizeDelta.y
      value: 0
      objectReference: {fileID: 0}
    - target: {fileID: 224627723801850652, guid: 650d839b329dc774cbd9d2c0ed016487,
        type: 2}
      propertyPath: m_AnchorMin.x
      value: 0
      objectReference: {fileID: 0}
    - target: {fileID: 224627723801850652, guid: 650d839b329dc774cbd9d2c0ed016487,
        type: 2}
      propertyPath: m_AnchorMin.y
      value: 0
      objectReference: {fileID: 0}
    - target: {fileID: 224627723801850652, guid: 650d839b329dc774cbd9d2c0ed016487,
        type: 2}
      propertyPath: m_AnchorMax.x
      value: 0
      objectReference: {fileID: 0}
    - target: {fileID: 224627723801850652, guid: 650d839b329dc774cbd9d2c0ed016487,
        type: 2}
      propertyPath: m_AnchorMax.y
      value: 0
      objectReference: {fileID: 0}
    - target: {fileID: 224627723801850652, guid: 650d839b329dc774cbd9d2c0ed016487,
        type: 2}
      propertyPath: m_Pivot.x
      value: 0
      objectReference: {fileID: 0}
    - target: {fileID: 224627723801850652, guid: 650d839b329dc774cbd9d2c0ed016487,
        type: 2}
      propertyPath: m_Pivot.y
      value: 0
      objectReference: {fileID: 0}
    - target: {fileID: 223435187381670398, guid: 650d839b329dc774cbd9d2c0ed016487,
        type: 2}
      propertyPath: m_Camera
      value: 
      objectReference: {fileID: 326554383}
    - target: {fileID: 114862245088734308, guid: 650d839b329dc774cbd9d2c0ed016487,
        type: 2}
      propertyPath: m_OnClick.m_PersistentCalls.m_Calls.Array.data[0].m_Target
      value: 
      objectReference: {fileID: 464347038}
    - target: {fileID: 114891077418250566, guid: 650d839b329dc774cbd9d2c0ed016487,
        type: 2}
      propertyPath: m_OnClick.m_PersistentCalls.m_Calls.Array.data[0].m_Target
      value: 
      objectReference: {fileID: 464347038}
    - target: {fileID: 114891077418250566, guid: 650d839b329dc774cbd9d2c0ed016487,
        type: 2}
      propertyPath: m_OnClick.m_PersistentCalls.m_Calls.Array.data[0].m_MethodName
      value: NextLevel
      objectReference: {fileID: 0}
    - target: {fileID: 114312753302748552, guid: 650d839b329dc774cbd9d2c0ed016487,
        type: 2}
      propertyPath: m_OnClick.m_PersistentCalls.m_Calls.Array.data[1].m_Mode
      value: 1
      objectReference: {fileID: 0}
    - target: {fileID: 114312753302748552, guid: 650d839b329dc774cbd9d2c0ed016487,
        type: 2}
      propertyPath: m_OnClick.m_PersistentCalls.m_Calls.Array.data[1].m_CallState
      value: 2
      objectReference: {fileID: 0}
    - target: {fileID: 114312753302748552, guid: 650d839b329dc774cbd9d2c0ed016487,
        type: 2}
      propertyPath: m_OnClick.m_PersistentCalls.m_Calls.Array.data[0].m_Target
      value: 
      objectReference: {fileID: 464347038}
    - target: {fileID: 114312753302748552, guid: 650d839b329dc774cbd9d2c0ed016487,
        type: 2}
      propertyPath: m_OnClick.m_PersistentCalls.m_Calls.Array.data[0].m_MethodName
      value: Restart
      objectReference: {fileID: 0}
    - target: {fileID: 114549627878504854, guid: 650d839b329dc774cbd9d2c0ed016487,
        type: 2}
      propertyPath: m_OnClick.m_PersistentCalls.m_Calls.Array.data[0].m_Target
      value: 
      objectReference: {fileID: 464347038}
    - target: {fileID: 114549627878504854, guid: 650d839b329dc774cbd9d2c0ed016487,
        type: 2}
      propertyPath: m_OnClick.m_PersistentCalls.m_Calls.Array.data[0].m_MethodName
      value: Home
      objectReference: {fileID: 0}
    - target: {fileID: 114862245088734308, guid: 650d839b329dc774cbd9d2c0ed016487,
        type: 2}
      propertyPath: m_OnClick.m_PersistentCalls.m_Calls.Array.data[0].m_MethodName
      value: Restart
      objectReference: {fileID: 0}
    - target: {fileID: 114188008939311202, guid: 650d839b329dc774cbd9d2c0ed016487,
        type: 2}
      propertyPath: myGame
      value: 
      objectReference: {fileID: 224623407}
    - target: {fileID: 114387664638966964, guid: 650d839b329dc774cbd9d2c0ed016487,
        type: 2}
      propertyPath: m_OnClick.m_PersistentCalls.m_Calls.Array.data[0].m_Target
      value: 
      objectReference: {fileID: 464347038}
    - target: {fileID: 114387664638966964, guid: 650d839b329dc774cbd9d2c0ed016487,
        type: 2}
      propertyPath: m_OnClick.m_PersistentCalls.m_Calls.Array.data[0].m_MethodName
      value: LoadLevels
      objectReference: {fileID: 0}
    - target: {fileID: 224380084123102296, guid: 650d839b329dc774cbd9d2c0ed016487,
        type: 2}
      propertyPath: m_AnchoredPosition.y
      value: -90
      objectReference: {fileID: 0}
    - target: {fileID: 224267808356016842, guid: 650d839b329dc774cbd9d2c0ed016487,
        type: 2}
      propertyPath: m_AnchoredPosition.y
      value: -90
      objectReference: {fileID: 0}
    m_RemovedComponents: []
  m_ParentPrefab: {fileID: 100100000, guid: 650d839b329dc774cbd9d2c0ed016487, type: 2}
  m_IsPrefabParent: 0
--- !u!1 &1474797507 stripped
GameObject:
  m_PrefabParentObject: {fileID: 1738136152962804, guid: 650d839b329dc774cbd9d2c0ed016487,
    type: 2}
  m_PrefabInternal: {fileID: 1474797506}
--- !u!114 &1474797508 stripped
MonoBehaviour:
  m_PrefabParentObject: {fileID: 114408245701521108, guid: 650d839b329dc774cbd9d2c0ed016487,
    type: 2}
  m_PrefabInternal: {fileID: 1474797506}
  m_Script: {fileID: 708705254, guid: f5f67c52d1564df4a8936ccd202a3bd8, type: 3}
--- !u!1 &1474797509 stripped
GameObject:
  m_PrefabParentObject: {fileID: 1493797757256576, guid: 650d839b329dc774cbd9d2c0ed016487,
    type: 2}
  m_PrefabInternal: {fileID: 1474797506}
--- !u!1 &1485161154
GameObject:
  m_ObjectHideFlags: 0
  m_PrefabParentObject: {fileID: 1423878591360244, guid: 2c83a39f9826b1e4c8dc43c5d34a58c2,
    type: 2}
  m_PrefabInternal: {fileID: 0}
  serializedVersion: 5
  m_Component:
  - component: {fileID: 1485161155}
  m_Layer: 0
  m_Name: InagmeUI
  m_TagString: Untagged
  m_Icon: {fileID: 0}
  m_NavMeshLayer: 0
  m_StaticEditorFlags: 0
  m_IsActive: 1
--- !u!4 &1485161155
Transform:
  m_ObjectHideFlags: 0
  m_PrefabParentObject: {fileID: 4639710798883770, guid: 2c83a39f9826b1e4c8dc43c5d34a58c2,
    type: 2}
  m_PrefabInternal: {fileID: 0}
  m_GameObject: {fileID: 1485161154}
  m_LocalRotation: {x: 0, y: 0, z: 0, w: 1}
  m_LocalPosition: {x: -8.303328, y: 4.426464, z: 90}
  m_LocalScale: {x: 1, y: 1, z: 1}
  m_Children:
  - {fileID: 563621412}
  - {fileID: 754976654}
  m_Father: {fileID: 0}
  m_RootOrder: 3
  m_LocalEulerAnglesHint: {x: 0, y: 0, z: 0}
--- !u!1001 &1534678559
Prefab:
  m_ObjectHideFlags: 0
  serializedVersion: 2
  m_Modification:
    m_TransformParent: {fileID: 79235712}
    m_Modifications:
    - target: {fileID: 4147404577114896, guid: 93f4d722151f3fe4f99f8b4d38f7cae5, type: 2}
      propertyPath: m_LocalPosition.x
      value: 11.7
      objectReference: {fileID: 0}
    - target: {fileID: 4147404577114896, guid: 93f4d722151f3fe4f99f8b4d38f7cae5, type: 2}
      propertyPath: m_LocalPosition.y
      value: 4.89
      objectReference: {fileID: 0}
    - target: {fileID: 4147404577114896, guid: 93f4d722151f3fe4f99f8b4d38f7cae5, type: 2}
      propertyPath: m_LocalPosition.z
      value: 0
      objectReference: {fileID: 0}
    - target: {fileID: 4147404577114896, guid: 93f4d722151f3fe4f99f8b4d38f7cae5, type: 2}
      propertyPath: m_LocalRotation.x
      value: -0
      objectReference: {fileID: 0}
    - target: {fileID: 4147404577114896, guid: 93f4d722151f3fe4f99f8b4d38f7cae5, type: 2}
      propertyPath: m_LocalRotation.y
      value: -0
      objectReference: {fileID: 0}
    - target: {fileID: 4147404577114896, guid: 93f4d722151f3fe4f99f8b4d38f7cae5, type: 2}
      propertyPath: m_LocalRotation.z
      value: -0.7071068
      objectReference: {fileID: 0}
    - target: {fileID: 4147404577114896, guid: 93f4d722151f3fe4f99f8b4d38f7cae5, type: 2}
      propertyPath: m_LocalRotation.w
      value: 0.7071068
      objectReference: {fileID: 0}
    - target: {fileID: 4147404577114896, guid: 93f4d722151f3fe4f99f8b4d38f7cae5, type: 2}
      propertyPath: m_RootOrder
      value: 5
      objectReference: {fileID: 0}
    - target: {fileID: 1262643380763166, guid: 93f4d722151f3fe4f99f8b4d38f7cae5, type: 2}
      propertyPath: m_Name
      value: LightBlueBase Right
      objectReference: {fileID: 0}
    - target: {fileID: 4147404577114896, guid: 93f4d722151f3fe4f99f8b4d38f7cae5, type: 2}
      propertyPath: m_LocalEulerAnglesHint.z
      value: -90
      objectReference: {fileID: 0}
    - target: {fileID: 4147404577114896, guid: 93f4d722151f3fe4f99f8b4d38f7cae5, type: 2}
      propertyPath: m_LocalScale.x
      value: 0.8000004
      objectReference: {fileID: 0}
    - target: {fileID: 4147404577114896, guid: 93f4d722151f3fe4f99f8b4d38f7cae5, type: 2}
      propertyPath: m_LocalScale.y
      value: 0.8000004
      objectReference: {fileID: 0}
    m_RemovedComponents: []
  m_ParentPrefab: {fileID: 100100000, guid: 93f4d722151f3fe4f99f8b4d38f7cae5, type: 2}
  m_IsPrefabParent: 0
--- !u!4 &1534678560 stripped
Transform:
  m_PrefabParentObject: {fileID: 4147404577114896, guid: 93f4d722151f3fe4f99f8b4d38f7cae5,
    type: 2}
  m_PrefabInternal: {fileID: 1534678559}
--- !u!1 &1579607246
GameObject:
  m_ObjectHideFlags: 0
  m_PrefabParentObject: {fileID: 0}
  m_PrefabInternal: {fileID: 0}
  serializedVersion: 5
  m_Component:
  - component: {fileID: 1579607247}
  - component: {fileID: 1579607249}
  - component: {fileID: 1579607248}
  m_Layer: 0
  m_Name: LightBlueRectangle Abajo
  m_TagString: Untagged
  m_Icon: {fileID: 0}
  m_NavMeshLayer: 0
  m_StaticEditorFlags: 0
  m_IsActive: 1
--- !u!4 &1579607247
Transform:
  m_ObjectHideFlags: 0
  m_PrefabParentObject: {fileID: 0}
  m_PrefabInternal: {fileID: 0}
  m_GameObject: {fileID: 1579607246}
  m_LocalRotation: {x: -0, y: -0, z: -0, w: 1}
  m_LocalPosition: {x: -2.11, y: -1.16, z: 0}
  m_LocalScale: {x: 1.1999999, y: 1, z: 1}
  m_Children: []
  m_Father: {fileID: 79235712}
  m_RootOrder: 1
  m_LocalEulerAnglesHint: {x: 0, y: 0, z: 0}
--- !u!61 &1579607248
BoxCollider2D:
  m_ObjectHideFlags: 0
  m_PrefabParentObject: {fileID: 0}
  m_PrefabInternal: {fileID: 0}
  m_GameObject: {fileID: 1579607246}
  m_Enabled: 1
  m_Density: 1
  m_Material: {fileID: 0}
  m_IsTrigger: 0
  m_UsedByEffector: 0
  m_UsedByComposite: 0
  m_Offset: {x: 0, y: 0}
  m_SpriteTilingProperty:
    border: {x: 0.099999994, y: 0.099999994, z: 0.099999994, w: 0.099999994}
    pivot: {x: 0.5, y: 0.5}
    oldSize: {x: 5.39, y: 0.5}
    newSize: {x: 5.39, y: 0.5}
    adaptiveTilingThreshold: 0.5
    drawMode: 0
    adaptiveTiling: 0
  m_AutoTiling: 0
  serializedVersion: 2
  m_Size: {x: 5.39, y: 0.5}
  m_EdgeRadius: 0
--- !u!212 &1579607249
SpriteRenderer:
  m_ObjectHideFlags: 0
  m_PrefabParentObject: {fileID: 0}
  m_PrefabInternal: {fileID: 0}
  m_GameObject: {fileID: 1579607246}
  m_Enabled: 1
  m_CastShadows: 0
  m_ReceiveShadows: 0
  m_DynamicOccludee: 1
  m_MotionVectors: 1
  m_LightProbeUsage: 1
  m_ReflectionProbeUsage: 1
  m_Materials:
  - {fileID: 10754, guid: 0000000000000000f000000000000000, type: 0}
  m_StaticBatchInfo:
    firstSubMesh: 0
    subMeshCount: 0
  m_StaticBatchRoot: {fileID: 0}
  m_ProbeAnchor: {fileID: 0}
  m_LightProbeVolumeOverride: {fileID: 0}
  m_ScaleInLightmap: 1
  m_PreserveUVs: 0
  m_IgnoreNormalsForChartDetection: 0
  m_ImportantGI: 0
  m_StitchLightmapSeams: 0
  m_SelectedEditorRenderState: 0
  m_MinimumChartSize: 4
  m_AutoUVMaxDistance: 0.5
  m_AutoUVMaxAngle: 89
  m_LightmapParameters: {fileID: 0}
  m_SortingLayerID: 0
  m_SortingLayer: 0
  m_SortingOrder: 0
  m_Sprite: {fileID: 21300000, guid: 045d3144a8d7e1945ad857df16dbe62a, type: 3}
  m_Color: {r: 1, g: 1, b: 1, a: 1}
  m_FlipX: 0
  m_FlipY: 0
  m_DrawMode: 0
  m_Size: {x: 5.39, y: 0.5}
  m_AdaptiveModeThreshold: 0.5
  m_SpriteTileMode: 0
  m_WasSpriteAssigned: 1
  m_MaskInteraction: 0
--- !u!1 &1704859525
GameObject:
  m_ObjectHideFlags: 0
  m_PrefabParentObject: {fileID: 0}
  m_PrefabInternal: {fileID: 0}
  serializedVersion: 5
  m_Component:
  - component: {fileID: 1704859526}
  m_Layer: 0
  m_Name: Box Red - Man
  m_TagString: Untagged
  m_Icon: {fileID: 0}
  m_NavMeshLayer: 0
  m_StaticEditorFlags: 0
  m_IsActive: 1
--- !u!4 &1704859526
Transform:
  m_ObjectHideFlags: 0
  m_PrefabParentObject: {fileID: 0}
  m_PrefabInternal: {fileID: 0}
  m_GameObject: {fileID: 1704859525}
  m_LocalRotation: {x: -0, y: -0, z: -0, w: 1}
  m_LocalPosition: {x: -5.2200003, y: 5.16, z: 0}
  m_LocalScale: {x: 0.7, y: 0.7, z: 0.5}
  m_Children:
  - {fileID: 709569335}
  - {fileID: 963790348}
  m_Father: {fileID: 29292634}
  m_RootOrder: 1
  m_LocalEulerAnglesHint: {x: 0, y: 0, z: 0}
--- !u!1 &1773740015
GameObject:
  m_ObjectHideFlags: 0
  m_PrefabParentObject: {fileID: 0}
  m_PrefabInternal: {fileID: 0}
  serializedVersion: 5
  m_Component:
  - component: {fileID: 1773740017}
  - component: {fileID: 1773740016}
  - component: {fileID: 1773740018}
  m_Layer: 0
  m_Name: LightBlueRectangle Abajo
  m_TagString: Untagged
  m_Icon: {fileID: 0}
  m_NavMeshLayer: 0
  m_StaticEditorFlags: 0
  m_IsActive: 1
--- !u!212 &1773740016
SpriteRenderer:
  m_ObjectHideFlags: 0
  m_PrefabParentObject: {fileID: 0}
  m_PrefabInternal: {fileID: 0}
  m_GameObject: {fileID: 1773740015}
  m_Enabled: 1
  m_CastShadows: 0
  m_ReceiveShadows: 0
  m_DynamicOccludee: 1
  m_MotionVectors: 1
  m_LightProbeUsage: 1
  m_ReflectionProbeUsage: 1
  m_Materials:
  - {fileID: 10754, guid: 0000000000000000f000000000000000, type: 0}
  m_StaticBatchInfo:
    firstSubMesh: 0
    subMeshCount: 0
  m_StaticBatchRoot: {fileID: 0}
  m_ProbeAnchor: {fileID: 0}
  m_LightProbeVolumeOverride: {fileID: 0}
  m_ScaleInLightmap: 1
  m_PreserveUVs: 0
  m_IgnoreNormalsForChartDetection: 0
  m_ImportantGI: 0
  m_StitchLightmapSeams: 0
  m_SelectedEditorRenderState: 0
  m_MinimumChartSize: 4
  m_AutoUVMaxDistance: 0.5
  m_AutoUVMaxAngle: 89
  m_LightmapParameters: {fileID: 0}
  m_SortingLayerID: 0
  m_SortingLayer: 0
  m_SortingOrder: 0
  m_Sprite: {fileID: 21300000, guid: 045d3144a8d7e1945ad857df16dbe62a, type: 3}
  m_Color: {r: 1, g: 1, b: 1, a: 1}
  m_FlipX: 0
  m_FlipY: 0
  m_DrawMode: 0
  m_Size: {x: 5.39, y: 0.5}
  m_AdaptiveModeThreshold: 0.5
  m_SpriteTileMode: 0
  m_WasSpriteAssigned: 1
  m_MaskInteraction: 0
--- !u!4 &1773740017
Transform:
  m_ObjectHideFlags: 0
  m_PrefabParentObject: {fileID: 0}
  m_PrefabInternal: {fileID: 0}
  m_GameObject: {fileID: 1773740015}
  m_LocalRotation: {x: -0, y: -0, z: -0, w: 1}
  m_LocalPosition: {x: -8.56, y: -1.16, z: 0}
  m_LocalScale: {x: 1.2, y: 1, z: 1}
  m_Children: []
  m_Father: {fileID: 79235712}
  m_RootOrder: 0
  m_LocalEulerAnglesHint: {x: 0, y: 0, z: 0}
--- !u!61 &1773740018
BoxCollider2D:
  m_ObjectHideFlags: 0
  m_PrefabParentObject: {fileID: 0}
  m_PrefabInternal: {fileID: 0}
  m_GameObject: {fileID: 1773740015}
  m_Enabled: 1
  m_Density: 1
  m_Material: {fileID: 0}
  m_IsTrigger: 0
  m_UsedByEffector: 0
  m_UsedByComposite: 0
  m_Offset: {x: 0, y: 0}
  m_SpriteTilingProperty:
    border: {x: 0.099999994, y: 0.099999994, z: 0.099999994, w: 0.099999994}
    pivot: {x: 0.5, y: 0.5}
    oldSize: {x: 5.39, y: 0.5}
    newSize: {x: 5.39, y: 0.5}
    adaptiveTilingThreshold: 0.5
    drawMode: 0
    adaptiveTiling: 0
  m_AutoTiling: 0
  serializedVersion: 2
  m_Size: {x: 5.39, y: 0.5}
  m_EdgeRadius: 0
--- !u!1001 &1812202378
Prefab:
  m_ObjectHideFlags: 0
  serializedVersion: 2
  m_Modification:
    m_TransformParent: {fileID: 29292634}
    m_Modifications:
    - target: {fileID: 4959098625381886, guid: ed2cc4e4fa3a6184fbe8738792d5376a, type: 2}
      propertyPath: m_LocalPosition.x
      value: -10.77
      objectReference: {fileID: 0}
    - target: {fileID: 4959098625381886, guid: ed2cc4e4fa3a6184fbe8738792d5376a, type: 2}
      propertyPath: m_LocalPosition.y
      value: 7.438
      objectReference: {fileID: 0}
    - target: {fileID: 4959098625381886, guid: ed2cc4e4fa3a6184fbe8738792d5376a, type: 2}
      propertyPath: m_LocalPosition.z
      value: 0
      objectReference: {fileID: 0}
    - target: {fileID: 4959098625381886, guid: ed2cc4e4fa3a6184fbe8738792d5376a, type: 2}
      propertyPath: m_LocalRotation.x
      value: -0
      objectReference: {fileID: 0}
    - target: {fileID: 4959098625381886, guid: ed2cc4e4fa3a6184fbe8738792d5376a, type: 2}
      propertyPath: m_LocalRotation.y
      value: -0
      objectReference: {fileID: 0}
    - target: {fileID: 4959098625381886, guid: ed2cc4e4fa3a6184fbe8738792d5376a, type: 2}
      propertyPath: m_LocalRotation.z
      value: -0
      objectReference: {fileID: 0}
    - target: {fileID: 4959098625381886, guid: ed2cc4e4fa3a6184fbe8738792d5376a, type: 2}
      propertyPath: m_LocalRotation.w
      value: 1
      objectReference: {fileID: 0}
    - target: {fileID: 4959098625381886, guid: ed2cc4e4fa3a6184fbe8738792d5376a, type: 2}
      propertyPath: m_RootOrder
      value: 0
      objectReference: {fileID: 0}
    - target: {fileID: 4959098625381886, guid: ed2cc4e4fa3a6184fbe8738792d5376a, type: 2}
      propertyPath: m_LocalScale.x
      value: 0.79999995
      objectReference: {fileID: 0}
    - target: {fileID: 4959098625381886, guid: ed2cc4e4fa3a6184fbe8738792d5376a, type: 2}
      propertyPath: m_LocalScale.y
      value: 0.79999995
      objectReference: {fileID: 0}
    - target: {fileID: 4959098625381886, guid: ed2cc4e4fa3a6184fbe8738792d5376a, type: 2}
      propertyPath: m_LocalScale.z
      value: 0.8
      objectReference: {fileID: 0}
    - target: {fileID: 1482393551237968, guid: ed2cc4e4fa3a6184fbe8738792d5376a, type: 2}
      propertyPath: m_TagString
      value: Over
      objectReference: {fileID: 0}
    m_RemovedComponents: []
  m_ParentPrefab: {fileID: 100100000, guid: ed2cc4e4fa3a6184fbe8738792d5376a, type: 2}
  m_IsPrefabParent: 0
