%YAML 1.1
%TAG !u! tag:unity3d.com,2011:
--- !u!29 &1
OcclusionCullingSettings:
  m_ObjectHideFlags: 0
  serializedVersion: 2
  m_OcclusionBakeSettings:
    smallestOccluder: 5
    smallestHole: 0.25
    backfaceThreshold: 100
  m_SceneGUID: 00000000000000000000000000000000
  m_OcclusionCullingData: {fileID: 0}
--- !u!104 &2
RenderSettings:
  m_ObjectHideFlags: 0
  serializedVersion: 8
  m_Fog: 0
  m_FogColor: {r: 0.5, g: 0.5, b: 0.5, a: 1}
  m_FogMode: 3
  m_FogDensity: 0.01
  m_LinearFogStart: 0
  m_LinearFogEnd: 300
  m_AmbientSkyColor: {r: 0.212, g: 0.227, b: 0.259, a: 1}
  m_AmbientEquatorColor: {r: 0.114, g: 0.125, b: 0.133, a: 1}
  m_AmbientGroundColor: {r: 0.047, g: 0.043, b: 0.035, a: 1}
  m_AmbientIntensity: 1
  m_AmbientMode: 3
  m_SubtractiveShadowColor: {r: 0.42, g: 0.478, b: 0.627, a: 1}
  m_SkyboxMaterial: {fileID: 0}
  m_HaloStrength: 0.5
  m_FlareStrength: 1
  m_FlareFadeSpeed: 3
  m_HaloTexture: {fileID: 0}
  m_SpotCookie: {fileID: 10001, guid: 0000000000000000e000000000000000, type: 0}
  m_DefaultReflectionMode: 0
  m_DefaultReflectionResolution: 128
  m_ReflectionBounces: 1
  m_ReflectionIntensity: 1
  m_CustomReflection: {fileID: 0}
  m_Sun: {fileID: 0}
  m_IndirectSpecularColor: {r: 0, g: 0, b: 0, a: 1}
--- !u!157 &3
LightmapSettings:
  m_ObjectHideFlags: 0
  serializedVersion: 11
  m_GIWorkflowMode: 1
  m_GISettings:
    serializedVersion: 2
    m_BounceScale: 1
    m_IndirectOutputScale: 1
    m_AlbedoBoost: 1
    m_TemporalCoherenceThreshold: 1
    m_EnvironmentLightingMode: 0
    m_EnableBakedLightmaps: 0
    m_EnableRealtimeLightmaps: 0
  m_LightmapEditorSettings:
    serializedVersion: 9
    m_Resolution: 2
    m_BakeResolution: 40
    m_TextureWidth: 1024
    m_TextureHeight: 1024
    m_AO: 0
    m_AOMaxDistance: 1
    m_CompAOExponent: 1
    m_CompAOExponentDirect: 0
    m_Padding: 2
    m_LightmapParameters: {fileID: 0}
    m_LightmapsBakeMode: 1
    m_TextureCompression: 1
    m_FinalGather: 0
    m_FinalGatherFiltering: 1
    m_FinalGatherRayCount: 256
    m_ReflectionCompression: 2
    m_MixedBakeMode: 2
    m_BakeBackend: 0
    m_PVRSampling: 1
    m_PVRDirectSampleCount: 32
    m_PVRSampleCount: 500
    m_PVRBounces: 2
    m_PVRFilterTypeDirect: 0
    m_PVRFilterTypeIndirect: 0
    m_PVRFilterTypeAO: 0
    m_PVRFilteringMode: 1
    m_PVRCulling: 1
    m_PVRFilteringGaussRadiusDirect: 1
    m_PVRFilteringGaussRadiusIndirect: 5
    m_PVRFilteringGaussRadiusAO: 2
    m_PVRFilteringAtrousPositionSigmaDirect: 0.5
    m_PVRFilteringAtrousPositionSigmaIndirect: 2
    m_PVRFilteringAtrousPositionSigmaAO: 1
  m_LightingDataAsset: {fileID: 0}
  m_UseShadowmask: 1
--- !u!196 &4
NavMeshSettings:
  serializedVersion: 2
  m_ObjectHideFlags: 0
  m_BuildSettings:
    serializedVersion: 2
    agentTypeID: 0
    agentRadius: 0.5
    agentHeight: 2
    agentSlope: 45
    agentClimb: 0.4
    ledgeDropHeight: 0
    maxJumpAcrossDistance: 0
    minRegionArea: 2
    manualCellSize: 0
    cellSize: 0.16666667
    manualTileSize: 0
    tileSize: 256
    accuratePlacement: 0
    debug:
      m_Flags: 0
  m_NavMeshData: {fileID: 0}
--- !u!1001 &229709023
Prefab:
  m_ObjectHideFlags: 0
  serializedVersion: 2
  m_Modification:
    m_TransformParent: {fileID: 1001393866}
    m_Modifications:
    - target: {fileID: 224077305293590110, guid: 9acb09b2f7775cc4bbef13be52ea883d,
        type: 2}
      propertyPath: m_LocalPosition.x
      value: 600
      objectReference: {fileID: 0}
    - target: {fileID: 224077305293590110, guid: 9acb09b2f7775cc4bbef13be52ea883d,
        type: 2}
      propertyPath: m_LocalPosition.y
      value: -333
      objectReference: {fileID: 0}
    - target: {fileID: 224077305293590110, guid: 9acb09b2f7775cc4bbef13be52ea883d,
        type: 2}
      propertyPath: m_LocalPosition.z
      value: 0
      objectReference: {fileID: 0}
    - target: {fileID: 224077305293590110, guid: 9acb09b2f7775cc4bbef13be52ea883d,
        type: 2}
      propertyPath: m_LocalRotation.x
      value: 0
      objectReference: {fileID: 0}
    - target: {fileID: 224077305293590110, guid: 9acb09b2f7775cc4bbef13be52ea883d,
        type: 2}
      propertyPath: m_LocalRotation.y
      value: 0
      objectReference: {fileID: 0}
    - target: {fileID: 224077305293590110, guid: 9acb09b2f7775cc4bbef13be52ea883d,
        type: 2}
      propertyPath: m_LocalRotation.z
      value: 0
      objectReference: {fileID: 0}
    - target: {fileID: 224077305293590110, guid: 9acb09b2f7775cc4bbef13be52ea883d,
        type: 2}
      propertyPath: m_LocalRotation.w
      value: 1
      objectReference: {fileID: 0}
    - target: {fileID: 224077305293590110, guid: 9acb09b2f7775cc4bbef13be52ea883d,
        type: 2}
      propertyPath: m_RootOrder
      value: 4
      objectReference: {fileID: 0}
    - target: {fileID: 224077305293590110, guid: 9acb09b2f7775cc4bbef13be52ea883d,
        type: 2}
      propertyPath: m_AnchoredPosition.x
      value: 600
      objectReference: {fileID: 0}
    - target: {fileID: 224077305293590110, guid: 9acb09b2f7775cc4bbef13be52ea883d,
        type: 2}
      propertyPath: m_AnchoredPosition.y
      value: -333
      objectReference: {fileID: 0}
    - target: {fileID: 224077305293590110, guid: 9acb09b2f7775cc4bbef13be52ea883d,
        type: 2}
      propertyPath: m_SizeDelta.x
      value: 160
      objectReference: {fileID: 0}
    - target: {fileID: 224077305293590110, guid: 9acb09b2f7775cc4bbef13be52ea883d,
        type: 2}
      propertyPath: m_SizeDelta.y
      value: 20
      objectReference: {fileID: 0}
    - target: {fileID: 224077305293590110, guid: 9acb09b2f7775cc4bbef13be52ea883d,
        type: 2}
      propertyPath: m_AnchorMin.x
      value: 0.5
      objectReference: {fileID: 0}
    - target: {fileID: 224077305293590110, guid: 9acb09b2f7775cc4bbef13be52ea883d,
        type: 2}
      propertyPath: m_AnchorMin.y
      value: 0.5
      objectReference: {fileID: 0}
    - target: {fileID: 224077305293590110, guid: 9acb09b2f7775cc4bbef13be52ea883d,
        type: 2}
      propertyPath: m_AnchorMax.x
      value: 0.5
      objectReference: {fileID: 0}
    - target: {fileID: 224077305293590110, guid: 9acb09b2f7775cc4bbef13be52ea883d,
        type: 2}
      propertyPath: m_AnchorMax.y
      value: 0.5
      objectReference: {fileID: 0}
    - target: {fileID: 224077305293590110, guid: 9acb09b2f7775cc4bbef13be52ea883d,
        type: 2}
      propertyPath: m_Pivot.x
      value: 0.5
      objectReference: {fileID: 0}
    - target: {fileID: 224077305293590110, guid: 9acb09b2f7775cc4bbef13be52ea883d,
        type: 2}
      propertyPath: m_Pivot.y
      value: 0.5
      objectReference: {fileID: 0}
    - target: {fileID: 224377149442552852, guid: 9acb09b2f7775cc4bbef13be52ea883d,
        type: 2}
      propertyPath: m_LocalPosition.x
      value: 5.799999
      objectReference: {fileID: 0}
    - target: {fileID: 224755166666792074, guid: 9acb09b2f7775cc4bbef13be52ea883d,
        type: 2}
      propertyPath: m_LocalPosition.x
      value: -0.30000305
      objectReference: {fileID: 0}
    - target: {fileID: 224755166666792074, guid: 9acb09b2f7775cc4bbef13be52ea883d,
        type: 2}
      propertyPath: m_LocalPosition.y
      value: -2.4
      objectReference: {fileID: 0}
    - target: {fileID: 224077305293590110, guid: 9acb09b2f7775cc4bbef13be52ea883d,
        type: 2}
      propertyPath: m_LocalScale.x
      value: 3.4817955
      objectReference: {fileID: 0}
    - target: {fileID: 224077305293590110, guid: 9acb09b2f7775cc4bbef13be52ea883d,
        type: 2}
      propertyPath: m_LocalScale.y
      value: 3.481795
      objectReference: {fileID: 0}
    - target: {fileID: 224077305293590110, guid: 9acb09b2f7775cc4bbef13be52ea883d,
        type: 2}
      propertyPath: m_LocalScale.z
      value: 3.481795
      objectReference: {fileID: 0}
    - target: {fileID: 1810142862973186, guid: 9acb09b2f7775cc4bbef13be52ea883d, type: 2}
      propertyPath: m_IsActive
      value: 0
      objectReference: {fileID: 0}
    m_RemovedComponents: []
  m_ParentPrefab: {fileID: 100100000, guid: 9acb09b2f7775cc4bbef13be52ea883d, type: 2}
  m_IsPrefabParent: 0
--- !u!1 &237914428
GameObject:
  m_ObjectHideFlags: 0
  m_PrefabParentObject: {fileID: 0}
  m_PrefabInternal: {fileID: 0}
  serializedVersion: 5
  m_Component:
  - component: {fileID: 237914429}
  m_Layer: 5
  m_Name: Instructions
  m_TagString: Untagged
  m_Icon: {fileID: 0}
  m_NavMeshLayer: 0
  m_StaticEditorFlags: 0
  m_IsActive: 0
--- !u!224 &237914429
RectTransform:
  m_ObjectHideFlags: 0
  m_PrefabParentObject: {fileID: 0}
  m_PrefabInternal: {fileID: 0}
  m_GameObject: {fileID: 237914428}
  m_LocalRotation: {x: 0, y: 0, z: 0, w: 1}
  m_LocalPosition: {x: 0, y: 0, z: 0}
  m_LocalScale: {x: 1, y: 1, z: 1}
  m_Children:
  - {fileID: 1018844843}
  - {fileID: 1075965024}
  - {fileID: 1815152888}
  - {fileID: 877337499}
  - {fileID: 2034156363}
  - {fileID: 1936237503}
  m_Father: {fileID: 1001393862}
  m_RootOrder: 3
  m_LocalEulerAnglesHint: {x: 0, y: 0, z: 0}
  m_AnchorMin: {x: 0.5, y: 0.5}
  m_AnchorMax: {x: 0.5, y: 0.5}
  m_AnchoredPosition: {x: 0.0000019073486, y: 0}
  m_SizeDelta: {x: 100, y: 100}
  m_Pivot: {x: 0.5, y: 0.5}
--- !u!1 &343117782
GameObject:
  m_ObjectHideFlags: 0
  m_PrefabParentObject: {fileID: 0}
  m_PrefabInternal: {fileID: 0}
  serializedVersion: 5
  m_Component:
  - component: {fileID: 343117783}
  - component: {fileID: 343117784}
  m_Layer: 0
  m_Name: Scripts
  m_TagString: Untagged
  m_Icon: {fileID: 0}
  m_NavMeshLayer: 0
  m_StaticEditorFlags: 0
  m_IsActive: 1
--- !u!4 &343117783
Transform:
  m_ObjectHideFlags: 0
  m_PrefabParentObject: {fileID: 0}
  m_PrefabInternal: {fileID: 0}
  m_GameObject: {fileID: 343117782}
  m_LocalRotation: {x: -0, y: -0, z: -0, w: 1}
  m_LocalPosition: {x: 0, y: 0, z: 0}
  m_LocalScale: {x: 1, y: 1, z: 1}
  m_Children: []
  m_Father: {fileID: 1297179509}
  m_RootOrder: 2
  m_LocalEulerAnglesHint: {x: 0, y: 0, z: 0}
--- !u!114 &343117784
MonoBehaviour:
  m_ObjectHideFlags: 0
  m_PrefabParentObject: {fileID: 0}
  m_PrefabInternal: {fileID: 0}
  m_GameObject: {fileID: 343117782}
  m_Enabled: 1
  m_EditorHideFlags: 0
  m_Script: {fileID: 11500000, guid: 33b9a2a4e96d0d143bf25d1f746fe478, type: 3}
  m_Name: 
  m_EditorClassIdentifier: 
  scoreText: {fileID: 1930453287}
  currentscore: 1000
--- !u!1 &368516016 stripped
GameObject:
  m_PrefabParentObject: {fileID: 1101849102085930, guid: 04ef46aaeddabac49afef7dd35b5d484,
    type: 2}
  m_PrefabInternal: {fileID: 1057810298}
--- !u!1 &382561139
GameObject:
  m_ObjectHideFlags: 0
  m_PrefabParentObject: {fileID: 0}
  m_PrefabInternal: {fileID: 0}
  serializedVersion: 5
  m_Component:
  - component: {fileID: 382561142}
  - component: {fileID: 382561141}
  - component: {fileID: 382561140}
  m_Layer: 0
  m_Name: LightBlueBase (1)
  m_TagString: Untagged
  m_Icon: {fileID: 0}
  m_NavMeshLayer: 0
  m_StaticEditorFlags: 0
  m_IsActive: 1
--- !u!61 &382561140
BoxCollider2D:
  m_ObjectHideFlags: 0
  m_PrefabParentObject: {fileID: 0}
  m_PrefabInternal: {fileID: 0}
  m_GameObject: {fileID: 382561139}
  m_Enabled: 1
  m_Density: 1
  m_Material: {fileID: 0}
  m_IsTrigger: 0
  m_UsedByEffector: 0
  m_UsedByComposite: 0
  m_Offset: {x: 0, y: 0}
  m_SpriteTilingProperty:
    border: {x: 0, y: 0, z: 0, w: 0}
    pivot: {x: 0.5, y: 0.5}
    oldSize: {x: 15.56, y: 1.42}
    newSize: {x: 15.56, y: 1.42}
    adaptiveTilingThreshold: 0.5
    drawMode: 0
    adaptiveTiling: 0
  m_AutoTiling: 0
  serializedVersion: 2
  m_Size: {x: 15.56, y: 1.42}
  m_EdgeRadius: 0
--- !u!212 &382561141
SpriteRenderer:
  m_ObjectHideFlags: 0
  m_PrefabParentObject: {fileID: 0}
  m_PrefabInternal: {fileID: 0}
  m_GameObject: {fileID: 382561139}
  m_Enabled: 1
  m_CastShadows: 0
  m_ReceiveShadows: 0
  m_DynamicOccludee: 1
  m_MotionVectors: 1
  m_LightProbeUsage: 1
  m_ReflectionProbeUsage: 1
  m_Materials:
  - {fileID: 10754, guid: 0000000000000000f000000000000000, type: 0}
  m_StaticBatchInfo:
    firstSubMesh: 0
    subMeshCount: 0
  m_StaticBatchRoot: {fileID: 0}
  m_ProbeAnchor: {fileID: 0}
  m_LightProbeVolumeOverride: {fileID: 0}
  m_ScaleInLightmap: 1
  m_PreserveUVs: 0
  m_IgnoreNormalsForChartDetection: 0
  m_ImportantGI: 0
  m_StitchLightmapSeams: 0
  m_SelectedEditorRenderState: 0
  m_MinimumChartSize: 4
  m_AutoUVMaxDistance: 0.5
  m_AutoUVMaxAngle: 89
  m_LightmapParameters: {fileID: 0}
  m_SortingLayerID: 0
  m_SortingLayer: 0
  m_SortingOrder: 0
  m_Sprite: {fileID: 21300000, guid: 3bfe37246c013e348859bfba2309a472, type: 3}
  m_Color: {r: 1, g: 1, b: 1, a: 1}
  m_FlipX: 0
  m_FlipY: 0
  m_DrawMode: 0
  m_Size: {x: 15.56, y: 1.42}
  m_AdaptiveModeThreshold: 0.5
  m_SpriteTileMode: 0
  m_WasSpriteAssigned: 1
  m_MaskInteraction: 0
--- !u!4 &382561142
Transform:
  m_ObjectHideFlags: 0
  m_PrefabParentObject: {fileID: 0}
  m_PrefabInternal: {fileID: 0}
  m_GameObject: {fileID: 382561139}
  m_LocalRotation: {x: -0, y: -0, z: -0, w: 1}
  m_LocalPosition: {x: -11.61, y: -6.05, z: 0}
  m_LocalScale: {x: 1, y: 1, z: 1}
  m_Children: []
  m_Father: {fileID: 1297179509}
  m_RootOrder: 4
  m_LocalEulerAnglesHint: {x: 0, y: 0, z: 0}
--- !u!1 &400304289 stripped
GameObject:
  m_PrefabParentObject: {fileID: 1996218112676952, guid: 3de0be9db47ac4e44bae9fd0fc4f8e01,
    type: 2}
  m_PrefabInternal: {fileID: 1376224634}
--- !u!4 &400304292 stripped
Transform:
  m_PrefabParentObject: {fileID: 4692126772097846, guid: 3de0be9db47ac4e44bae9fd0fc4f8e01,
    type: 2}
  m_PrefabInternal: {fileID: 1376224634}
--- !u!20 &441680074 stripped
Camera:
  m_PrefabParentObject: {fileID: 20460813215653414, guid: 2c83a39f9826b1e4c8dc43c5d34a58c2,
    type: 2}
  m_PrefabInternal: {fileID: 1403510691}
--- !u!1001 &515197975
Prefab:
  m_ObjectHideFlags: 0
  serializedVersion: 2
  m_Modification:
    m_TransformParent: {fileID: 1203556193}
    m_Modifications:
    - target: {fileID: 4070798153131148, guid: e6c7b02bd0a4eae4e8117b4fa0ac59b3, type: 2}
      propertyPath: m_LocalPosition.x
      value: 0.100000024
      objectReference: {fileID: 0}
    - target: {fileID: 4070798153131148, guid: e6c7b02bd0a4eae4e8117b4fa0ac59b3, type: 2}
      propertyPath: m_LocalPosition.y
      value: -0.15999985
      objectReference: {fileID: 0}
    - target: {fileID: 4070798153131148, guid: e6c7b02bd0a4eae4e8117b4fa0ac59b3, type: 2}
      propertyPath: m_LocalPosition.z
      value: 0.04
      objectReference: {fileID: 0}
    - target: {fileID: 4070798153131148, guid: e6c7b02bd0a4eae4e8117b4fa0ac59b3, type: 2}
      propertyPath: m_LocalRotation.x
      value: -0.7071068
      objectReference: {fileID: 0}
    - target: {fileID: 4070798153131148, guid: e6c7b02bd0a4eae4e8117b4fa0ac59b3, type: 2}
      propertyPath: m_LocalRotation.y
      value: -0
      objectReference: {fileID: 0}
    - target: {fileID: 4070798153131148, guid: e6c7b02bd0a4eae4e8117b4fa0ac59b3, type: 2}
      propertyPath: m_LocalRotation.z
      value: -0
      objectReference: {fileID: 0}
    - target: {fileID: 4070798153131148, guid: e6c7b02bd0a4eae4e8117b4fa0ac59b3, type: 2}
      propertyPath: m_LocalRotation.w
      value: 0.7071068
      objectReference: {fileID: 0}
    - target: {fileID: 4070798153131148, guid: e6c7b02bd0a4eae4e8117b4fa0ac59b3, type: 2}
      propertyPath: m_RootOrder
      value: 0
      objectReference: {fileID: 0}
    - target: {fileID: 1933788498472666, guid: e6c7b02bd0a4eae4e8117b4fa0ac59b3, type: 2}
      propertyPath: m_IsActive
      value: 0
      objectReference: {fileID: 0}
    m_RemovedComponents: []
  m_ParentPrefab: {fileID: 100100000, guid: e6c7b02bd0a4eae4e8117b4fa0ac59b3, type: 2}
  m_IsPrefabParent: 0
--- !u!1 &534588841
GameObject:
  m_ObjectHideFlags: 0
  m_PrefabParentObject: {fileID: 0}
  m_PrefabInternal: {fileID: 0}
  serializedVersion: 5
  m_Component:
  - component: {fileID: 534588843}
  - component: {fileID: 534588842}
  m_Layer: 0
  m_Name: GameObject
  m_TagString: Untagged
  m_Icon: {fileID: 0}
  m_NavMeshLayer: 0
  m_StaticEditorFlags: 0
  m_IsActive: 1
--- !u!114 &534588842
MonoBehaviour:
  m_ObjectHideFlags: 0
  m_PrefabParentObject: {fileID: 0}
  m_PrefabInternal: {fileID: 0}
  m_GameObject: {fileID: 534588841}
  m_Enabled: 1
  m_EditorHideFlags: 0
  m_Script: {fileID: 11500000, guid: 4b3d66222f7a59241a6d5e2311be5c9d, type: 3}
  m_Name: 
  m_EditorClassIdentifier: 
  objName: red
  particles: {fileID: 1933788498472666, guid: e6c7b02bd0a4eae4e8117b4fa0ac59b3, type: 2}
--- !u!4 &534588843
Transform:
  m_ObjectHideFlags: 0
  m_PrefabParentObject: {fileID: 0}
  m_PrefabInternal: {fileID: 0}
  m_GameObject: {fileID: 534588841}
  m_LocalRotation: {x: -0, y: -0, z: -0, w: 1}
  m_LocalPosition: {x: -0.24152529, y: 5.255, z: 0}
  m_LocalScale: {x: 1, y: 1, z: 1}
  m_Children: []
  m_Father: {fileID: 1297179509}
  m_RootOrder: 5
  m_LocalEulerAnglesHint: {x: 0, y: 0, z: 0}
--- !u!1 &632790461 stripped
GameObject:
  m_PrefabParentObject: {fileID: 1738136152962804, guid: 650d839b329dc774cbd9d2c0ed016487,
    type: 2}
  m_PrefabInternal: {fileID: 1001393861}
--- !u!1001 &651282862
Prefab:
  m_ObjectHideFlags: 0
  serializedVersion: 2
  m_Modification:
    m_TransformParent: {fileID: 1636402919}
    m_Modifications:
    - target: {fileID: 4480732714246232, guid: 130f08054e87f614089490c407565e2b, type: 2}
      propertyPath: m_LocalPosition.x
      value: 2.1599998
      objectReference: {fileID: 0}
    - target: {fileID: 4480732714246232, guid: 130f08054e87f614089490c407565e2b, type: 2}
      propertyPath: m_LocalPosition.y
      value: 2.6499996
      objectReference: {fileID: 0}
    - target: {fileID: 4480732714246232, guid: 130f08054e87f614089490c407565e2b, type: 2}
      propertyPath: m_LocalPosition.z
      value: -0.51114553
      objectReference: {fileID: 0}
    - target: {fileID: 4480732714246232, guid: 130f08054e87f614089490c407565e2b, type: 2}
      propertyPath: m_LocalRotation.x
      value: -0
      objectReference: {fileID: 0}
    - target: {fileID: 4480732714246232, guid: 130f08054e87f614089490c407565e2b, type: 2}
      propertyPath: m_LocalRotation.y
      value: -0
      objectReference: {fileID: 0}
    - target: {fileID: 4480732714246232, guid: 130f08054e87f614089490c407565e2b, type: 2}
      propertyPath: m_LocalRotation.z
      value: -0
      objectReference: {fileID: 0}
    - target: {fileID: 4480732714246232, guid: 130f08054e87f614089490c407565e2b, type: 2}
      propertyPath: m_LocalRotation.w
      value: 1
      objectReference: {fileID: 0}
    - target: {fileID: 4480732714246232, guid: 130f08054e87f614089490c407565e2b, type: 2}
      propertyPath: m_RootOrder
      value: 0
      objectReference: {fileID: 0}
    - target: {fileID: 4480732714246232, guid: 130f08054e87f614089490c407565e2b, type: 2}
      propertyPath: m_LocalScale.x
      value: 0.52892226
      objectReference: {fileID: 0}
    - target: {fileID: 4480732714246232, guid: 130f08054e87f614089490c407565e2b, type: 2}
      propertyPath: m_LocalScale.y
      value: 0.52892244
      objectReference: {fileID: 0}
    - target: {fileID: 4480732714246232, guid: 130f08054e87f614089490c407565e2b, type: 2}
      propertyPath: m_LocalScale.z
      value: 0.52892244
      objectReference: {fileID: 0}
    m_RemovedComponents: []
  m_ParentPrefab: {fileID: 100100000, guid: 130f08054e87f614089490c407565e2b, type: 2}
  m_IsPrefabParent: 0
--- !u!1 &689480679 stripped
GameObject:
  m_PrefabParentObject: {fileID: 1382997184842894, guid: 130f08054e87f614089490c407565e2b,
    type: 2}
  m_PrefabInternal: {fileID: 651282862}
--- !u!4 &689480682 stripped
Transform:
  m_PrefabParentObject: {fileID: 4480732714246232, guid: 130f08054e87f614089490c407565e2b,
    type: 2}
  m_PrefabInternal: {fileID: 651282862}
--- !u!50 &689480683
Rigidbody2D:
  serializedVersion: 4
  m_ObjectHideFlags: 0
  m_PrefabParentObject: {fileID: 0}
  m_PrefabInternal: {fileID: 0}
  m_GameObject: {fileID: 689480679}
  m_BodyType: 0
  m_Simulated: 1
  m_UseFullKinematicContacts: 0
  m_UseAutoMass: 0
  m_Mass: 1
  m_LinearDrag: 0
  m_AngularDrag: 0.05
  m_GravityScale: 1
  m_Material: {fileID: 0}
  m_Interpolate: 0
  m_SleepingMode: 1
  m_CollisionDetection: 0
  m_Constraints: 0
--- !u!114 &689480684
MonoBehaviour:
  m_ObjectHideFlags: 0
  m_PrefabParentObject: {fileID: 0}
  m_PrefabInternal: {fileID: 0}
  m_GameObject: {fileID: 689480679}
  m_Enabled: 1
  m_EditorHideFlags: 0
  m_Script: {fileID: 11500000, guid: 7fbe9b5aa4e15a246a469c595b7acd9d, type: 3}
  m_Name: 
  m_EditorClassIdentifier: 
--- !u!1 &698129817
GameObject:
  m_ObjectHideFlags: 0
  m_PrefabParentObject: {fileID: 0}
  m_PrefabInternal: {fileID: 0}
  serializedVersion: 5
  m_Component:
  - component: {fileID: 698129819}
  - component: {fileID: 698129818}
  - component: {fileID: 698129820}
  m_Layer: 0
  m_Name: LightBlue_Bag
  m_TagString: Untagged
  m_Icon: {fileID: 0}
  m_NavMeshLayer: 0
  m_StaticEditorFlags: 0
  m_IsActive: 1
--- !u!212 &698129818
SpriteRenderer:
  m_ObjectHideFlags: 0
  m_PrefabParentObject: {fileID: 0}
  m_PrefabInternal: {fileID: 0}
  m_GameObject: {fileID: 698129817}
  m_Enabled: 1
  m_CastShadows: 0
  m_ReceiveShadows: 0
  m_DynamicOccludee: 1
  m_MotionVectors: 1
  m_LightProbeUsage: 1
  m_ReflectionProbeUsage: 1
  m_Materials:
  - {fileID: 10754, guid: 0000000000000000f000000000000000, type: 0}
  m_StaticBatchInfo:
    firstSubMesh: 0
    subMeshCount: 0
  m_StaticBatchRoot: {fileID: 0}
  m_ProbeAnchor: {fileID: 0}
  m_LightProbeVolumeOverride: {fileID: 0}
  m_ScaleInLightmap: 1
  m_PreserveUVs: 0
  m_IgnoreNormalsForChartDetection: 0
  m_ImportantGI: 0
  m_StitchLightmapSeams: 0
  m_SelectedEditorRenderState: 0
  m_MinimumChartSize: 4
  m_AutoUVMaxDistance: 0.5
  m_AutoUVMaxAngle: 89
  m_LightmapParameters: {fileID: 0}
  m_SortingLayerID: 0
  m_SortingLayer: 0
  m_SortingOrder: 0
  m_Sprite: {fileID: 21300000, guid: 3277f3c5ccea1ab4999df77bc749f5e7, type: 3}
  m_Color: {r: 1, g: 1, b: 1, a: 1}
  m_FlipX: 0
  m_FlipY: 0
  m_DrawMode: 0
  m_Size: {x: 2.31, y: 1.93}
  m_AdaptiveModeThreshold: 0.5
  m_SpriteTileMode: 0
  m_WasSpriteAssigned: 1
  m_MaskInteraction: 0
--- !u!4 &698129819
Transform:
  m_ObjectHideFlags: 0
  m_PrefabParentObject: {fileID: 0}
  m_PrefabInternal: {fileID: 0}
  m_GameObject: {fileID: 698129817}
  m_LocalRotation: {x: -0, y: -0, z: -0, w: 1}
  m_LocalPosition: {x: 0.11694944, y: -0.11, z: 0}
  m_LocalScale: {x: 1.1, y: 1.1, z: 1.1843367}
  m_Children: []
  m_Father: {fileID: 1367976062}
  m_RootOrder: 1
  m_LocalEulerAnglesHint: {x: 0, y: 0, z: 0}
--- !u!68 &698129820
EdgeCollider2D:
  m_ObjectHideFlags: 0
  m_PrefabParentObject: {fileID: 0}
  m_PrefabInternal: {fileID: 0}
  m_GameObject: {fileID: 698129817}
  m_Enabled: 1
  m_Density: 1
  m_Material: {fileID: 0}
  m_IsTrigger: 0
  m_UsedByEffector: 0
  m_UsedByComposite: 0
  m_Offset: {x: 0, y: 0}
  m_EdgeRadius: 0
  m_Points:
  - {x: 0.95549655, y: 0.95580846}
  - {x: 1.1589907, y: 0.95809454}
  - {x: 1.162306, y: -0.9634268}
  - {x: -1.1614382, y: -0.9663821}
  - {x: -1.1536193, y: 0.9612575}
  - {x: -0.9280105, y: 0.96922696}
  - {x: -0.9221575, y: -0.7247797}
  - {x: 0.94720954, y: -0.7204644}
  - {x: 0.95243806, y: 0.95296115}
--- !u!1001 &743248681
Prefab:
  m_ObjectHideFlags: 0
  serializedVersion: 2
  m_Modification:
    m_TransformParent: {fileID: 1185603109}
    m_Modifications:
    - target: {fileID: 4692126772097846, guid: 3de0be9db47ac4e44bae9fd0fc4f8e01, type: 2}
      propertyPath: m_LocalPosition.x
      value: 1.755
      objectReference: {fileID: 0}
    - target: {fileID: 4692126772097846, guid: 3de0be9db47ac4e44bae9fd0fc4f8e01, type: 2}
      propertyPath: m_LocalPosition.y
      value: 5.43
      objectReference: {fileID: 0}
    - target: {fileID: 4692126772097846, guid: 3de0be9db47ac4e44bae9fd0fc4f8e01, type: 2}
      propertyPath: m_LocalPosition.z
      value: -0.51114553
      objectReference: {fileID: 0}
    - target: {fileID: 4692126772097846, guid: 3de0be9db47ac4e44bae9fd0fc4f8e01, type: 2}
      propertyPath: m_LocalRotation.x
      value: -0
      objectReference: {fileID: 0}
    - target: {fileID: 4692126772097846, guid: 3de0be9db47ac4e44bae9fd0fc4f8e01, type: 2}
      propertyPath: m_LocalRotation.y
      value: -0
      objectReference: {fileID: 0}
    - target: {fileID: 4692126772097846, guid: 3de0be9db47ac4e44bae9fd0fc4f8e01, type: 2}
      propertyPath: m_LocalRotation.z
      value: -0
      objectReference: {fileID: 0}
    - target: {fileID: 4692126772097846, guid: 3de0be9db47ac4e44bae9fd0fc4f8e01, type: 2}
      propertyPath: m_LocalRotation.w
      value: 1
      objectReference: {fileID: 0}
    - target: {fileID: 4692126772097846, guid: 3de0be9db47ac4e44bae9fd0fc4f8e01, type: 2}
      propertyPath: m_RootOrder
      value: 2
      objectReference: {fileID: 0}
    - target: {fileID: 1996218112676952, guid: 3de0be9db47ac4e44bae9fd0fc4f8e01, type: 2}
      propertyPath: m_Name
      value: Switch (1)
      objectReference: {fileID: 0}
    - target: {fileID: 4692126772097846, guid: 3de0be9db47ac4e44bae9fd0fc4f8e01, type: 2}
      propertyPath: m_LocalScale.x
      value: 0.50412
      objectReference: {fileID: 0}
    - target: {fileID: 4692126772097846, guid: 3de0be9db47ac4e44bae9fd0fc4f8e01, type: 2}
      propertyPath: m_LocalScale.y
      value: 0.50412
      objectReference: {fileID: 0}
    - target: {fileID: 4692126772097846, guid: 3de0be9db47ac4e44bae9fd0fc4f8e01, type: 2}
      propertyPath: m_LocalScale.z
      value: 0.50412
      objectReference: {fileID: 0}
    - target: {fileID: 114929378000492522, guid: 3de0be9db47ac4e44bae9fd0fc4f8e01,
        type: 2}
      propertyPath: waitFrames
      value: 50
      objectReference: {fileID: 0}
    m_RemovedComponents: []
  m_ParentPrefab: {fileID: 100100000, guid: 3de0be9db47ac4e44bae9fd0fc4f8e01, type: 2}
  m_IsPrefabParent: 0
--- !u!1 &870972084 stripped
GameObject:
  m_PrefabParentObject: {fileID: 1382997184842894, guid: 130f08054e87f614089490c407565e2b,
    type: 2}
  m_PrefabInternal: {fileID: 2136034537}
--- !u!4 &870972085 stripped
Transform:
  m_PrefabParentObject: {fileID: 4480732714246232, guid: 130f08054e87f614089490c407565e2b,
    type: 2}
  m_PrefabInternal: {fileID: 2136034537}
--- !u!114 &870972086
MonoBehaviour:
  m_ObjectHideFlags: 0
  m_PrefabParentObject: {fileID: 0}
  m_PrefabInternal: {fileID: 0}
  m_GameObject: {fileID: 870972084}
  m_Enabled: 1
  m_EditorHideFlags: 0
  m_Script: {fileID: 11500000, guid: 7fbe9b5aa4e15a246a469c595b7acd9d, type: 3}
  m_Name: 
  m_EditorClassIdentifier: 
--- !u!50 &870972087
Rigidbody2D:
  serializedVersion: 4
  m_ObjectHideFlags: 0
  m_PrefabParentObject: {fileID: 0}
  m_PrefabInternal: {fileID: 0}
  m_GameObject: {fileID: 870972084}
  m_BodyType: 0
  m_Simulated: 1
  m_UseFullKinematicContacts: 0
  m_UseAutoMass: 0
  m_Mass: 1
  m_LinearDrag: 0
  m_AngularDrag: 0.05
  m_GravityScale: 0.5
  m_Material: {fileID: 0}
  m_Interpolate: 0
  m_SleepingMode: 1
  m_CollisionDetection: 0
  m_Constraints: 0
--- !u!1 &877337498
GameObject:
  m_ObjectHideFlags: 0
  m_PrefabParentObject: {fileID: 0}
  m_PrefabInternal: {fileID: 0}
  serializedVersion: 5
  m_Component:
  - component: {fileID: 877337499}
  - component: {fileID: 877337501}
  - component: {fileID: 877337500}
  m_Layer: 5
  m_Name: RedIndication (1)
  m_TagString: Untagged
  m_Icon: {fileID: 0}
  m_NavMeshLayer: 0
  m_StaticEditorFlags: 0
  m_IsActive: 1
--- !u!224 &877337499
RectTransform:
  m_ObjectHideFlags: 0
  m_PrefabParentObject: {fileID: 0}
  m_PrefabInternal: {fileID: 0}
  m_GameObject: {fileID: 877337498}
  m_LocalRotation: {x: -0, y: -0, z: -0, w: 1}
  m_LocalPosition: {x: 533, y: -33, z: 0}
  m_LocalScale: {x: 0.99965364, y: 0.99965364, z: 0.99965364}
  m_Children: []
  m_Father: {fileID: 237914429}
  m_RootOrder: 3
  m_LocalEulerAnglesHint: {x: 0, y: 0, z: 0}
  m_AnchorMin: {x: 0.5, y: 0.5}
  m_AnchorMax: {x: 0.5, y: 0.5}
  m_AnchoredPosition: {x: 533, y: -33}
  m_SizeDelta: {x: 750, y: 200}
  m_Pivot: {x: 0.5, y: 0.5}
--- !u!114 &877337500
MonoBehaviour:
  m_ObjectHideFlags: 0
  m_PrefabParentObject: {fileID: 0}
  m_PrefabInternal: {fileID: 0}
  m_GameObject: {fileID: 877337498}
  m_Enabled: 1
  m_EditorHideFlags: 0
  m_Script: {fileID: -765806418, guid: f70555f144d8491a825f0804e09c671c, type: 3}
  m_Name: 
  m_EditorClassIdentifier: 
  m_Material: {fileID: 0}
  m_Color: {r: 1, g: 1, b: 1, a: 1}
  m_RaycastTarget: 0
  m_OnCullStateChanged:
    m_PersistentCalls:
      m_Calls: []
    m_TypeName: UnityEngine.UI.MaskableGraphic+CullStateChangedEvent, UnityEngine.UI,
      Version=1.0.0.0, Culture=neutral, PublicKeyToken=null
  m_Sprite: {fileID: 21300000, guid: 3c93bc3fae620414b872403497493a56, type: 3}
  m_Type: 0
  m_PreserveAspect: 1
  m_FillCenter: 1
  m_FillMethod: 4
  m_FillAmount: 1
  m_FillClockwise: 1
  m_FillOrigin: 0
--- !u!222 &877337501
CanvasRenderer:
  m_ObjectHideFlags: 0
  m_PrefabParentObject: {fileID: 0}
  m_PrefabInternal: {fileID: 0}
  m_GameObject: {fileID: 877337498}
--- !u!1 &895638739 stripped
GameObject:
  m_PrefabParentObject: {fileID: 1996218112676952, guid: 3de0be9db47ac4e44bae9fd0fc4f8e01,
    type: 2}
  m_PrefabInternal: {fileID: 743248681}
--- !u!4 &895638740 stripped
Transform:
  m_PrefabParentObject: {fileID: 4692126772097846, guid: 3de0be9db47ac4e44bae9fd0fc4f8e01,
    type: 2}
  m_PrefabInternal: {fileID: 743248681}
--- !u!1 &897647933 stripped
GameObject:
  m_PrefabParentObject: {fileID: 1996218112676952, guid: 3de0be9db47ac4e44bae9fd0fc4f8e01,
    type: 2}
  m_PrefabInternal: {fileID: 1143006451}
--- !u!4 &897647934 stripped
Transform:
  m_PrefabParentObject: {fileID: 4692126772097846, guid: 3de0be9db47ac4e44bae9fd0fc4f8e01,
    type: 2}
  m_PrefabInternal: {fileID: 1143006451}
--- !u!1 &907298766
GameObject:
  m_ObjectHideFlags: 0
  m_PrefabParentObject: {fileID: 0}
  m_PrefabInternal: {fileID: 0}
  serializedVersion: 5
  m_Component:
  - component: {fileID: 907298770}
  - component: {fileID: 907298769}
  - component: {fileID: 907298768}
  - component: {fileID: 907298767}
  - component: {fileID: 907298771}
  - component: {fileID: 907298772}
  - component: {fileID: 907298773}
  m_Layer: 0
  m_Name: red
  m_TagString: Untagged
  m_Icon: {fileID: 0}
  m_NavMeshLayer: 0
  m_StaticEditorFlags: 0
  m_IsActive: 1
--- !u!50 &907298767
Rigidbody2D:
  serializedVersion: 4
  m_ObjectHideFlags: 0
  m_PrefabParentObject: {fileID: 0}
  m_PrefabInternal: {fileID: 0}
  m_GameObject: {fileID: 907298766}
  m_BodyType: 0
  m_Simulated: 1
  m_UseFullKinematicContacts: 0
  m_UseAutoMass: 0
  m_Mass: 1
  m_LinearDrag: 0
  m_AngularDrag: 0.05
  m_GravityScale: 1
  m_Material: {fileID: 0}
  m_Interpolate: 0
  m_SleepingMode: 1
  m_CollisionDetection: 0
  m_Constraints: 0
--- !u!61 &907298768
BoxCollider2D:
  m_ObjectHideFlags: 0
  m_PrefabParentObject: {fileID: 0}
  m_PrefabInternal: {fileID: 0}
  m_GameObject: {fileID: 907298766}
  m_Enabled: 1
  m_Density: 1
  m_Material: {fileID: 0}
  m_IsTrigger: 0
  m_UsedByEffector: 0
  m_UsedByComposite: 0
  m_Offset: {x: 0, y: 0.013440132}
  m_SpriteTilingProperty:
    border: {x: 0, y: 0, z: 0, w: 0}
    pivot: {x: 0.5, y: 0.5}
    oldSize: {x: 1.75, y: 1.61}
    newSize: {x: 2.25, y: 2.25}
    adaptiveTilingThreshold: 0.5
    drawMode: 0
    adaptiveTiling: 0
  m_AutoTiling: 0
  serializedVersion: 2
  m_Size: {x: 1.7879236, y: 1.6138382}
  m_EdgeRadius: 0
--- !u!212 &907298769
SpriteRenderer:
  m_ObjectHideFlags: 0
  m_PrefabParentObject: {fileID: 0}
  m_PrefabInternal: {fileID: 0}
  m_GameObject: {fileID: 907298766}
  m_Enabled: 1
  m_CastShadows: 0
  m_ReceiveShadows: 0
  m_DynamicOccludee: 1
  m_MotionVectors: 1
  m_LightProbeUsage: 1
  m_ReflectionProbeUsage: 1
  m_Materials:
  - {fileID: 10754, guid: 0000000000000000f000000000000000, type: 0}
  m_StaticBatchInfo:
    firstSubMesh: 0
    subMeshCount: 0
  m_StaticBatchRoot: {fileID: 0}
  m_ProbeAnchor: {fileID: 0}
  m_LightProbeVolumeOverride: {fileID: 0}
  m_ScaleInLightmap: 1
  m_PreserveUVs: 0
  m_IgnoreNormalsForChartDetection: 0
  m_ImportantGI: 0
  m_StitchLightmapSeams: 0
  m_SelectedEditorRenderState: 0
  m_MinimumChartSize: 4
  m_AutoUVMaxDistance: 0.5
  m_AutoUVMaxAngle: 89
  m_LightmapParameters: {fileID: 0}
  m_SortingLayerID: 0
  m_SortingLayer: 0
  m_SortingOrder: 0
  m_Sprite: {fileID: 21300000, guid: 2e334cf25bdf2c0479e4e9e75fe14036, type: 3}
  m_Color: {r: 1, g: 1, b: 1, a: 1}
  m_FlipX: 0
  m_FlipY: 0
  m_DrawMode: 0
  m_Size: {x: 2.25, y: 2.25}
  m_AdaptiveModeThreshold: 0.5
  m_SpriteTileMode: 0
  m_WasSpriteAssigned: 1
  m_MaskInteraction: 0
--- !u!4 &907298770
Transform:
  m_ObjectHideFlags: 0
  m_PrefabParentObject: {fileID: 0}
  m_PrefabInternal: {fileID: 0}
  m_GameObject: {fileID: 907298766}
  m_LocalRotation: {x: -0, y: -0, z: -0, w: 1}
  m_LocalPosition: {x: 0.058, y: -0.102, z: 0}
  m_LocalScale: {x: 1, y: 1, z: 1}
  m_Children: []
  m_Father: {fileID: 1367976062}
  m_RootOrder: 2
  m_LocalEulerAnglesHint: {x: 0, y: 0, z: 0}
--- !u!233 &907298771
HingeJoint2D:
  m_ObjectHideFlags: 0
  m_PrefabParentObject: {fileID: 0}
  m_PrefabInternal: {fileID: 0}
  m_GameObject: {fileID: 907298766}
  m_Enabled: 1
  serializedVersion: 4
  m_EnableCollision: 0
  m_ConnectedRigidBody: {fileID: 971396778}
  m_BreakForce: Infinity
  m_BreakTorque: Infinity
  m_AutoConfigureConnectedAnchor: 1
  m_Anchor: {x: 0, y: 0}
  m_ConnectedAnchor: {x: 4.7862496, y: 0.24874985}
  m_UseMotor: 0
  m_Motor:
    m_MotorSpeed: 0
    m_MaximumMotorForce: 10000
  m_UseLimits: 0
  m_AngleLimits:
    m_LowerAngle: 0
    m_UpperAngle: 359
--- !u!120 &907298772
LineRenderer:
  m_ObjectHideFlags: 0
  m_PrefabParentObject: {fileID: 0}
  m_PrefabInternal: {fileID: 0}
  m_GameObject: {fileID: 907298766}
  m_Enabled: 1
  m_CastShadows: 1
  m_ReceiveShadows: 1
  m_DynamicOccludee: 1
  m_MotionVectors: 1
  m_LightProbeUsage: 0
  m_ReflectionProbeUsage: 0
  m_Materials:
  - {fileID: 2100000, guid: 6cdc93452943250439b1352e90a15627, type: 2}
  m_StaticBatchInfo:
    firstSubMesh: 0
    subMeshCount: 0
  m_StaticBatchRoot: {fileID: 0}
  m_ProbeAnchor: {fileID: 0}
  m_LightProbeVolumeOverride: {fileID: 0}
  m_ScaleInLightmap: 1
  m_PreserveUVs: 0
  m_IgnoreNormalsForChartDetection: 0
  m_ImportantGI: 0
  m_StitchLightmapSeams: 0
  m_SelectedEditorRenderState: 3
  m_MinimumChartSize: 4
  m_AutoUVMaxDistance: 0.5
  m_AutoUVMaxAngle: 89
  m_LightmapParameters: {fileID: 0}
  m_SortingLayerID: 0
  m_SortingLayer: 0
  m_SortingOrder: 0
  m_Positions:
  - {x: 0, y: 0, z: 0}
  - {x: 0, y: 0, z: 1}
  m_Parameters:
    serializedVersion: 2
    widthMultiplier: 1
    widthCurve:
      serializedVersion: 2
      m_Curve:
      - serializedVersion: 2
        time: 0.0000019073486
        value: 0.042549133
        inSlope: 0
        outSlope: 0
        tangentMode: 0
      m_PreInfinity: 2
      m_PostInfinity: 2
      m_RotationOrder: 0
    colorGradient:
      serializedVersion: 2
      key0: {r: 1, g: 1, b: 1, a: 1}
      key1: {r: 1, g: 1, b: 1, a: 1}
      key2: {r: 0, g: 0, b: 0, a: 0}
      key3: {r: 0, g: 0, b: 0, a: 0}
      key4: {r: 0, g: 0, b: 0, a: 0}
      key5: {r: 0, g: 0, b: 0, a: 0}
      key6: {r: 0, g: 0, b: 0, a: 0}
      key7: {r: 0, g: 0, b: 0, a: 0}
      ctime0: 0
      ctime1: 65535
      ctime2: 0
      ctime3: 0
      ctime4: 0
      ctime5: 0
      ctime6: 0
      ctime7: 0
      atime0: 0
      atime1: 65535
      atime2: 0
      atime3: 0
      atime4: 0
      atime5: 0
      atime6: 0
      atime7: 0
      m_Mode: 0
      m_NumColorKeys: 2
      m_NumAlphaKeys: 2
    numCornerVertices: 0
    numCapVertices: 0
    alignment: 0
    textureMode: 0
    generateLightingData: 0
  m_UseWorldSpace: 1
  m_Loop: 0
--- !u!114 &907298773
MonoBehaviour:
  m_ObjectHideFlags: 0
  m_PrefabParentObject: {fileID: 0}
  m_PrefabInternal: {fileID: 0}
  m_GameObject: {fileID: 907298766}
  m_Enabled: 1
  m_EditorHideFlags: 0
  m_Script: {fileID: 11500000, guid: fb65aac13b8e8594f83079c046b24b49, type: 3}
  m_Name: 
  m_EditorClassIdentifier: 
  ConnectedObj: {fileID: 971396776}
  offSet: {x: 0, y: 0}
--- !u!1001 &912163071
Prefab:
  m_ObjectHideFlags: 0
  serializedVersion: 2
  m_Modification:
    m_TransformParent: {fileID: 1185603109}
    m_Modifications:
    - target: {fileID: 4692126772097846, guid: 3de0be9db47ac4e44bae9fd0fc4f8e01, type: 2}
      propertyPath: m_LocalPosition.x
      value: 1.7549999
      objectReference: {fileID: 0}
    - target: {fileID: 4692126772097846, guid: 3de0be9db47ac4e44bae9fd0fc4f8e01, type: 2}
      propertyPath: m_LocalPosition.y
      value: -4.8
      objectReference: {fileID: 0}
    - target: {fileID: 4692126772097846, guid: 3de0be9db47ac4e44bae9fd0fc4f8e01, type: 2}
      propertyPath: m_LocalPosition.z
      value: -0.51114553
      objectReference: {fileID: 0}
    - target: {fileID: 4692126772097846, guid: 3de0be9db47ac4e44bae9fd0fc4f8e01, type: 2}
      propertyPath: m_LocalRotation.x
      value: -0
      objectReference: {fileID: 0}
    - target: {fileID: 4692126772097846, guid: 3de0be9db47ac4e44bae9fd0fc4f8e01, type: 2}
      propertyPath: m_LocalRotation.y
      value: -0
      objectReference: {fileID: 0}
    - target: {fileID: 4692126772097846, guid: 3de0be9db47ac4e44bae9fd0fc4f8e01, type: 2}
      propertyPath: m_LocalRotation.z
      value: -0
      objectReference: {fileID: 0}
    - target: {fileID: 4692126772097846, guid: 3de0be9db47ac4e44bae9fd0fc4f8e01, type: 2}
      propertyPath: m_LocalRotation.w
      value: 1
      objectReference: {fileID: 0}
    - target: {fileID: 4692126772097846, guid: 3de0be9db47ac4e44bae9fd0fc4f8e01, type: 2}
      propertyPath: m_RootOrder
      value: 1
      objectReference: {fileID: 0}
    - target: {fileID: 114929378000492522, guid: 3de0be9db47ac4e44bae9fd0fc4f8e01,
        type: 2}
      propertyPath: waitFrames
      value: 50
      objectReference: {fileID: 0}
    m_RemovedComponents: []
  m_ParentPrefab: {fileID: 100100000, guid: 3de0be9db47ac4e44bae9fd0fc4f8e01, type: 2}
  m_IsPrefabParent: 0
--- !u!4 &971396776 stripped
Transform:
  m_PrefabParentObject: {fileID: 4912458449664052, guid: ed2cc4e4fa3a6184fbe8738792d5376a,
    type: 2}
  m_PrefabInternal: {fileID: 1798869965}
--- !u!50 &971396778 stripped
Rigidbody2D:
  m_PrefabParentObject: {fileID: 50073213506718518, guid: ed2cc4e4fa3a6184fbe8738792d5376a,
    type: 2}
  m_PrefabInternal: {fileID: 1798869965}
--- !u!1 &978399056
GameObject:
  m_ObjectHideFlags: 0
  m_PrefabParentObject: {fileID: 0}
  m_PrefabInternal: {fileID: 0}
  serializedVersion: 5
  m_Component:
  - component: {fileID: 978399057}
  - component: {fileID: 978399059}
  m_Layer: 0
  m_Name: GameManager
  m_TagString: Untagged
  m_Icon: {fileID: 0}
  m_NavMeshLayer: 0
  m_StaticEditorFlags: 0
  m_IsActive: 1
--- !u!4 &978399057
Transform:
  m_ObjectHideFlags: 0
  m_PrefabParentObject: {fileID: 0}
  m_PrefabInternal: {fileID: 0}
  m_GameObject: {fileID: 978399056}
  m_LocalRotation: {x: -0, y: -0, z: -0, w: 1}
  m_LocalPosition: {x: 0, y: 0, z: 0}
  m_LocalScale: {x: 1, y: 1, z: 1}
  m_Children: []
  m_Father: {fileID: 1297179509}
  m_RootOrder: 1
  m_LocalEulerAnglesHint: {x: 0, y: 0, z: 0}
--- !u!114 &978399059
MonoBehaviour:
  m_ObjectHideFlags: 0
  m_PrefabParentObject: {fileID: 0}
  m_PrefabInternal: {fileID: 0}
  m_GameObject: {fileID: 978399056}
  m_Enabled: 1
  m_EditorHideFlags: 0
  m_Script: {fileID: 11500000, guid: a677977c2ba983c4f92dc51147d829c4, type: 3}
  m_Name: 
  m_EditorClassIdentifier: 
  go_switch:
  - {fileID: 400304289}
  - {fileID: 897647933}
  - {fileID: 1911735565}
  - {fileID: 895638739}
  TrapPlatform: {fileID: 368516016}
  SwitchMode: XOR
--- !u!1001 &1001393861
Prefab:
  m_ObjectHideFlags: 0
  serializedVersion: 2
  m_Modification:
    m_TransformParent: {fileID: 0}
    m_Modifications:
    - target: {fileID: 224627723801850652, guid: 650d839b329dc774cbd9d2c0ed016487,
        type: 2}
      propertyPath: m_LocalPosition.x
      value: 0
      objectReference: {fileID: 0}
    - target: {fileID: 224627723801850652, guid: 650d839b329dc774cbd9d2c0ed016487,
        type: 2}
      propertyPath: m_LocalPosition.y
      value: 0
      objectReference: {fileID: 0}
    - target: {fileID: 224627723801850652, guid: 650d839b329dc774cbd9d2c0ed016487,
        type: 2}
      propertyPath: m_LocalPosition.z
      value: 0
      objectReference: {fileID: 0}
    - target: {fileID: 224627723801850652, guid: 650d839b329dc774cbd9d2c0ed016487,
        type: 2}
      propertyPath: m_LocalRotation.x
      value: 0
      objectReference: {fileID: 0}
    - target: {fileID: 224627723801850652, guid: 650d839b329dc774cbd9d2c0ed016487,
        type: 2}
      propertyPath: m_LocalRotation.y
      value: 0
      objectReference: {fileID: 0}
    - target: {fileID: 224627723801850652, guid: 650d839b329dc774cbd9d2c0ed016487,
        type: 2}
      propertyPath: m_LocalRotation.z
      value: 0
      objectReference: {fileID: 0}
    - target: {fileID: 224627723801850652, guid: 650d839b329dc774cbd9d2c0ed016487,
        type: 2}
      propertyPath: m_LocalRotation.w
      value: 1
      objectReference: {fileID: 0}
    - target: {fileID: 224627723801850652, guid: 650d839b329dc774cbd9d2c0ed016487,
        type: 2}
      propertyPath: m_RootOrder
      value: 1
      objectReference: {fileID: 0}
    - target: {fileID: 224627723801850652, guid: 650d839b329dc774cbd9d2c0ed016487,
        type: 2}
      propertyPath: m_AnchoredPosition.x
      value: 0
      objectReference: {fileID: 0}
    - target: {fileID: 224627723801850652, guid: 650d839b329dc774cbd9d2c0ed016487,
        type: 2}
      propertyPath: m_AnchoredPosition.y
      value: 0
      objectReference: {fileID: 0}
    - target: {fileID: 224627723801850652, guid: 650d839b329dc774cbd9d2c0ed016487,
        type: 2}
      propertyPath: m_SizeDelta.x
      value: 0
      objectReference: {fileID: 0}
    - target: {fileID: 224627723801850652, guid: 650d839b329dc774cbd9d2c0ed016487,
        type: 2}
      propertyPath: m_SizeDelta.y
      value: 0
      objectReference: {fileID: 0}
    - target: {fileID: 224627723801850652, guid: 650d839b329dc774cbd9d2c0ed016487,
        type: 2}
      propertyPath: m_AnchorMin.x
      value: 0
      objectReference: {fileID: 0}
    - target: {fileID: 224627723801850652, guid: 650d839b329dc774cbd9d2c0ed016487,
        type: 2}
      propertyPath: m_AnchorMin.y
      value: 0
      objectReference: {fileID: 0}
    - target: {fileID: 224627723801850652, guid: 650d839b329dc774cbd9d2c0ed016487,
        type: 2}
      propertyPath: m_AnchorMax.x
      value: 0
      objectReference: {fileID: 0}
    - target: {fileID: 224627723801850652, guid: 650d839b329dc774cbd9d2c0ed016487,
        type: 2}
      propertyPath: m_AnchorMax.y
      value: 0
      objectReference: {fileID: 0}
    - target: {fileID: 224627723801850652, guid: 650d839b329dc774cbd9d2c0ed016487,
        type: 2}
      propertyPath: m_Pivot.x
      value: 0
      objectReference: {fileID: 0}
    - target: {fileID: 224627723801850652, guid: 650d839b329dc774cbd9d2c0ed016487,
        type: 2}
      propertyPath: m_Pivot.y
      value: 0
      objectReference: {fileID: 0}
    - target: {fileID: 114549627878504854, guid: 650d839b329dc774cbd9d2c0ed016487,
        type: 2}
      propertyPath: m_OnClick.m_PersistentCalls.m_Calls.Array.data[0].m_Target
      value: 
      objectReference: {fileID: 1403510692}
    - target: {fileID: 114862245088734308, guid: 650d839b329dc774cbd9d2c0ed016487,
        type: 2}
      propertyPath: m_OnClick.m_PersistentCalls.m_Calls.Array.data[0].m_Target
      value: 
      objectReference: {fileID: 1403510692}
    - target: {fileID: 114891077418250566, guid: 650d839b329dc774cbd9d2c0ed016487,
        type: 2}
      propertyPath: m_OnClick.m_PersistentCalls.m_Calls.Array.data[0].m_Target
      value: 
      objectReference: {fileID: 1403510692}
    - target: {fileID: 114312753302748552, guid: 650d839b329dc774cbd9d2c0ed016487,
        type: 2}
      propertyPath: m_OnClick.m_PersistentCalls.m_Calls.Array.data[0].m_Target
      value: 
      objectReference: {fileID: 1403510692}
    - target: {fileID: 223435187381670398, guid: 650d839b329dc774cbd9d2c0ed016487,
        type: 2}
      propertyPath: m_Camera
      value: 
      objectReference: {fileID: 441680074}
    - target: {fileID: 114188008939311202, guid: 650d839b329dc774cbd9d2c0ed016487,
        type: 2}
      propertyPath: myGame
      value: 
      objectReference: {fileID: 343117784}
    - target: {fileID: 114387664638966964, guid: 650d839b329dc774cbd9d2c0ed016487,
        type: 2}
      propertyPath: m_OnClick.m_PersistentCalls.m_Calls.Array.data[0].m_Target
      value: 
      objectReference: {fileID: 1403510692}
    - target: {fileID: 224941921414097460, guid: 650d839b329dc774cbd9d2c0ed016487,
        type: 2}
      propertyPath: m_LocalPosition.x
      value: 0.0013427734
      objectReference: {fileID: 0}
    m_RemovedComponents: []
  m_ParentPrefab: {fileID: 100100000, guid: 650d839b329dc774cbd9d2c0ed016487, type: 2}
  m_IsPrefabParent: 0
--- !u!224 &1001393862 stripped
RectTransform:
  m_PrefabParentObject: {fileID: 224029061450188240, guid: 650d839b329dc774cbd9d2c0ed016487,
    type: 2}
  m_PrefabInternal: {fileID: 1001393861}
--- !u!1 &1001393863 stripped
GameObject:
  m_PrefabParentObject: {fileID: 1210367948448396, guid: 650d839b329dc774cbd9d2c0ed016487,
    type: 2}
  m_PrefabInternal: {fileID: 1001393861}
--- !u!1 &1001393864 stripped
GameObject:
  m_PrefabParentObject: {fileID: 1548526487979048, guid: 650d839b329dc774cbd9d2c0ed016487,
    type: 2}
  m_PrefabInternal: {fileID: 1001393861}
--- !u!1 &1001393865 stripped
GameObject:
  m_PrefabParentObject: {fileID: 1493797757256576, guid: 650d839b329dc774cbd9d2c0ed016487,
    type: 2}
  m_PrefabInternal: {fileID: 1001393861}
--- !u!224 &1001393866 stripped
RectTransform:
  m_PrefabParentObject: {fileID: 224627723801850652, guid: 650d839b329dc774cbd9d2c0ed016487,
    type: 2}
  m_PrefabInternal: {fileID: 1001393861}
--- !u!1 &1018844842
GameObject:
  m_ObjectHideFlags: 0
  m_PrefabParentObject: {fileID: 0}
  m_PrefabInternal: {fileID: 0}
  serializedVersion: 5
  m_Component:
  - component: {fileID: 1018844843}
  - component: {fileID: 1018844845}
  - component: {fileID: 1018844844}
  m_Layer: 5
  m_Name: Arrow
  m_TagString: Untagged
  m_Icon: {fileID: 0}
  m_NavMeshLayer: 0
  m_StaticEditorFlags: 0
  m_IsActive: 1
--- !u!224 &1018844843
RectTransform:
  m_ObjectHideFlags: 0
  m_PrefabParentObject: {fileID: 0}
  m_PrefabInternal: {fileID: 0}
  m_GameObject: {fileID: 1018844842}
  m_LocalRotation: {x: -0, y: -0, z: -0.49673113, w: 0.8679045}
  m_LocalPosition: {x: -104, y: -443.7934, z: 0}
  m_LocalScale: {x: 1, y: 1, z: 2.639309}
  m_Children: []
  m_Father: {fileID: 237914429}
  m_RootOrder: 0
  m_LocalEulerAnglesHint: {x: 0, y: 0, z: -59.568005}
  m_AnchorMin: {x: 0.5, y: 0}
  m_AnchorMax: {x: 0.5, y: 0}
  m_AnchoredPosition: {x: -104, y: -393.7934}
  m_SizeDelta: {x: 150, y: 150}
  m_Pivot: {x: 0.5, y: 0.5}
--- !u!114 &1018844844
MonoBehaviour:
  m_ObjectHideFlags: 0
  m_PrefabParentObject: {fileID: 0}
  m_PrefabInternal: {fileID: 0}
  m_GameObject: {fileID: 1018844842}
  m_Enabled: 1
  m_EditorHideFlags: 0
  m_Script: {fileID: -765806418, guid: f70555f144d8491a825f0804e09c671c, type: 3}
  m_Name: 
  m_EditorClassIdentifier: 
  m_Material: {fileID: 0}
  m_Color: {r: 1, g: 1, b: 1, a: 1}
  m_RaycastTarget: 0
  m_OnCullStateChanged:
    m_PersistentCalls:
      m_Calls: []
    m_TypeName: UnityEngine.UI.MaskableGraphic+CullStateChangedEvent, UnityEngine.UI,
      Version=1.0.0.0, Culture=neutral, PublicKeyToken=null
  m_Sprite: {fileID: 21300000, guid: da65ad59ad811ba4bb6f31ce41f704eb, type: 3}
  m_Type: 0
  m_PreserveAspect: 1
  m_FillCenter: 1
  m_FillMethod: 4
  m_FillAmount: 1
  m_FillClockwise: 1
  m_FillOrigin: 0
--- !u!222 &1018844845
CanvasRenderer:
  m_ObjectHideFlags: 0
  m_PrefabParentObject: {fileID: 0}
  m_PrefabInternal: {fileID: 0}
  m_GameObject: {fileID: 1018844842}
--- !u!1 &1050060124 stripped
GameObject:
  m_PrefabParentObject: {fileID: 1933788498472666, guid: e6c7b02bd0a4eae4e8117b4fa0ac59b3,
    type: 2}
  m_PrefabInternal: {fileID: 515197975}
--- !u!4 &1050060125 stripped
Transform:
  m_PrefabParentObject: {fileID: 4070798153131148, guid: e6c7b02bd0a4eae4e8117b4fa0ac59b3,
    type: 2}
  m_PrefabInternal: {fileID: 515197975}
--- !u!1001 &1057810298
Prefab:
  m_ObjectHideFlags: 0
  serializedVersion: 2
  m_Modification:
    m_TransformParent: {fileID: 1297179509}
    m_Modifications:
    - target: {fileID: 4807573377120318, guid: 04ef46aaeddabac49afef7dd35b5d484, type: 2}
      propertyPath: m_LocalPosition.x
      value: -0.88
      objectReference: {fileID: 0}
    - target: {fileID: 4807573377120318, guid: 04ef46aaeddabac49afef7dd35b5d484, type: 2}
      propertyPath: m_LocalPosition.y
      value: -5.74
      objectReference: {fileID: 0}
    - target: {fileID: 4807573377120318, guid: 04ef46aaeddabac49afef7dd35b5d484, type: 2}
      propertyPath: m_LocalPosition.z
      value: 0
      objectReference: {fileID: 0}
    - target: {fileID: 4807573377120318, guid: 04ef46aaeddabac49afef7dd35b5d484, type: 2}
      propertyPath: m_LocalRotation.x
      value: -0
      objectReference: {fileID: 0}
    - target: {fileID: 4807573377120318, guid: 04ef46aaeddabac49afef7dd35b5d484, type: 2}
      propertyPath: m_LocalRotation.y
      value: -0
      objectReference: {fileID: 0}
    - target: {fileID: 4807573377120318, guid: 04ef46aaeddabac49afef7dd35b5d484, type: 2}
      propertyPath: m_LocalRotation.z
      value: -0
      objectReference: {fileID: 0}
    - target: {fileID: 4807573377120318, guid: 04ef46aaeddabac49afef7dd35b5d484, type: 2}
      propertyPath: m_LocalRotation.w
      value: 1
      objectReference: {fileID: 0}
    - target: {fileID: 4807573377120318, guid: 04ef46aaeddabac49afef7dd35b5d484, type: 2}
      propertyPath: m_RootOrder
      value: 0
      objectReference: {fileID: 0}
    - target: {fileID: 1969305962878648, guid: 04ef46aaeddabac49afef7dd35b5d484, type: 2}
      propertyPath: m_IsActive
      value: 1
      objectReference: {fileID: 0}
    - target: {fileID: 233410822200321110, guid: 04ef46aaeddabac49afef7dd35b5d484,
        type: 2}
      propertyPath: m_ConnectedAnchor.x
      value: 1.3043978
      objectReference: {fileID: 0}
    - target: {fileID: 233410822200321110, guid: 04ef46aaeddabac49afef7dd35b5d484,
        type: 2}
      propertyPath: m_ConnectedAnchor.y
      value: -5.7325683
      objectReference: {fileID: 0}
    m_RemovedComponents: []
  m_ParentPrefab: {fileID: 100100000, guid: 04ef46aaeddabac49afef7dd35b5d484, type: 2}
  m_IsPrefabParent: 0
--- !u!1 &1062561816
GameObject:
  m_ObjectHideFlags: 0
  m_PrefabParentObject: {fileID: 0}
  m_PrefabInternal: {fileID: 0}
  serializedVersion: 5
  m_Component:
  - component: {fileID: 1062561817}
  - component: {fileID: 1062561819}
  - component: {fileID: 1062561818}
  m_Layer: 0
  m_Name: LightBlue_Bag
  m_TagString: Untagged
  m_Icon: {fileID: 0}
  m_NavMeshLayer: 0
  m_StaticEditorFlags: 0
  m_IsActive: 1
--- !u!4 &1062561817
Transform:
  m_ObjectHideFlags: 0
  m_PrefabParentObject: {fileID: 0}
  m_PrefabInternal: {fileID: 0}
  m_GameObject: {fileID: 1062561816}
  m_LocalRotation: {x: -0, y: -0, z: -0, w: 1}
  m_LocalPosition: {x: 0.11694944, y: -0.11, z: 0}
  m_LocalScale: {x: 1.1, y: 1.1, z: 1.1843367}
  m_Children: []
  m_Father: {fileID: 1203556193}
  m_RootOrder: 1
  m_LocalEulerAnglesHint: {x: 0, y: 0, z: 0}
--- !u!68 &1062561818
EdgeCollider2D:
  m_ObjectHideFlags: 0
  m_PrefabParentObject: {fileID: 0}
  m_PrefabInternal: {fileID: 0}
  m_GameObject: {fileID: 1062561816}
  m_Enabled: 1
  m_Density: 1
  m_Material: {fileID: 0}
  m_IsTrigger: 0
  m_UsedByEffector: 0
  m_UsedByComposite: 0
  m_Offset: {x: 0, y: 0}
  m_EdgeRadius: 0
  m_Points:
  - {x: 0.95549655, y: 0.95580846}
  - {x: 1.1589907, y: 0.95809454}
  - {x: 1.162306, y: -0.9634268}
  - {x: -1.1614382, y: -0.9663821}
  - {x: -1.1536193, y: 0.9612575}
  - {x: -0.9280105, y: 0.96922696}
  - {x: -0.9221575, y: -0.7247797}
  - {x: 0.94720954, y: -0.7204644}
  - {x: 0.95243806, y: 0.95296115}
--- !u!212 &1062561819
SpriteRenderer:
  m_ObjectHideFlags: 0
  m_PrefabParentObject: {fileID: 0}
  m_PrefabInternal: {fileID: 0}
  m_GameObject: {fileID: 1062561816}
  m_Enabled: 1
  m_CastShadows: 0
  m_ReceiveShadows: 0
  m_DynamicOccludee: 1
  m_MotionVectors: 1
  m_LightProbeUsage: 1
  m_ReflectionProbeUsage: 1
  m_Materials:
  - {fileID: 10754, guid: 0000000000000000f000000000000000, type: 0}
  m_StaticBatchInfo:
    firstSubMesh: 0
    subMeshCount: 0
  m_StaticBatchRoot: {fileID: 0}
  m_ProbeAnchor: {fileID: 0}
  m_LightProbeVolumeOverride: {fileID: 0}
  m_ScaleInLightmap: 1
  m_PreserveUVs: 0
  m_IgnoreNormalsForChartDetection: 0
  m_ImportantGI: 0
  m_StitchLightmapSeams: 0
  m_SelectedEditorRenderState: 0
  m_MinimumChartSize: 4
  m_AutoUVMaxDistance: 0.5
  m_AutoUVMaxAngle: 89
  m_LightmapParameters: {fileID: 0}
  m_SortingLayerID: 0
  m_SortingLayer: 0
  m_SortingOrder: 0
  m_Sprite: {fileID: 21300000, guid: 3277f3c5ccea1ab4999df77bc749f5e7, type: 3}
  m_Color: {r: 1, g: 1, b: 1, a: 1}
  m_FlipX: 0
  m_FlipY: 0
  m_DrawMode: 0
  m_Size: {x: 2.31, y: 1.93}
  m_AdaptiveModeThreshold: 0.5
  m_SpriteTileMode: 0
  m_WasSpriteAssigned: 1
  m_MaskInteraction: 0
--- !u!1 &1075965023
GameObject:
  m_ObjectHideFlags: 0
  m_PrefabParentObject: {fileID: 0}
  m_PrefabInternal: {fileID: 0}
  serializedVersion: 5
  m_Component:
  - component: {fileID: 1075965024}
  - component: {fileID: 1075965026}
  - component: {fileID: 1075965025}
  m_Layer: 5
  m_Name: RedIndication
  m_TagString: Untagged
  m_Icon: {fileID: 0}
  m_NavMeshLayer: 0
  m_StaticEditorFlags: 0
  m_IsActive: 1
--- !u!224 &1075965024
RectTransform:
  m_ObjectHideFlags: 0
  m_PrefabParentObject: {fileID: 0}
  m_PrefabInternal: {fileID: 0}
  m_GameObject: {fileID: 1075965023}
  m_LocalRotation: {x: -0, y: -0, z: -0, w: 1}
  m_LocalPosition: {x: -412, y: 359.7934, z: 0}
  m_LocalScale: {x: 1, y: 1, z: 1}
  m_Children: []
  m_Father: {fileID: 237914429}
  m_RootOrder: 1
  m_LocalEulerAnglesHint: {x: 0, y: 0, z: 0}
  m_AnchorMin: {x: 0.5, y: 1}
  m_AnchorMax: {x: 0.5, y: 1}
  m_AnchoredPosition: {x: -412, y: 309.7934}
  m_SizeDelta: {x: 600, y: 226}
  m_Pivot: {x: 0.5, y: 0.5}
--- !u!114 &1075965025
MonoBehaviour:
  m_ObjectHideFlags: 0
  m_PrefabParentObject: {fileID: 0}
  m_PrefabInternal: {fileID: 0}
  m_GameObject: {fileID: 1075965023}
  m_Enabled: 1
  m_EditorHideFlags: 0
  m_Script: {fileID: -765806418, guid: f70555f144d8491a825f0804e09c671c, type: 3}
  m_Name: 
  m_EditorClassIdentifier: 
  m_Material: {fileID: 0}
  m_Color: {r: 1, g: 1, b: 1, a: 1}
  m_RaycastTarget: 0
  m_OnCullStateChanged:
    m_PersistentCalls:
      m_Calls: []
    m_TypeName: UnityEngine.UI.MaskableGraphic+CullStateChangedEvent, UnityEngine.UI,
      Version=1.0.0.0, Culture=neutral, PublicKeyToken=null
  m_Sprite: {fileID: 21300000, guid: 3c088f3fa8bfe994a9e031777b6913c0, type: 3}
  m_Type: 0
  m_PreserveAspect: 1
  m_FillCenter: 1
  m_FillMethod: 4
  m_FillAmount: 1
  m_FillClockwise: 1
  m_FillOrigin: 0
--- !u!222 &1075965026
CanvasRenderer:
  m_ObjectHideFlags: 0
  m_PrefabParentObject: {fileID: 0}
  m_PrefabInternal: {fileID: 0}
  m_GameObject: {fileID: 1075965023}
--- !u!1 &1077860823 stripped
GameObject:
  m_PrefabParentObject: {fileID: 1933788498472666, guid: e6c7b02bd0a4eae4e8117b4fa0ac59b3,
    type: 2}
  m_PrefabInternal: {fileID: 1737992362}
--- !u!4 &1077860826 stripped
Transform:
  m_PrefabParentObject: {fileID: 4070798153131148, guid: e6c7b02bd0a4eae4e8117b4fa0ac59b3,
    type: 2}
  m_PrefabInternal: {fileID: 1737992362}
--- !u!1001 &1143006451
Prefab:
  m_ObjectHideFlags: 0
  serializedVersion: 2
  m_Modification:
    m_TransformParent: {fileID: 1636402919}
    m_Modifications:
    - target: {fileID: 4692126772097846, guid: 3de0be9db47ac4e44bae9fd0fc4f8e01, type: 2}
      propertyPath: m_LocalPosition.x
      value: 2.03
      objectReference: {fileID: 0}
    - target: {fileID: 4692126772097846, guid: 3de0be9db47ac4e44bae9fd0fc4f8e01, type: 2}
      propertyPath: m_LocalPosition.y
      value: 5.43
      objectReference: {fileID: 0}
    - target: {fileID: 4692126772097846, guid: 3de0be9db47ac4e44bae9fd0fc4f8e01, type: 2}
      propertyPath: m_LocalPosition.z
      value: -0.51114553
      objectReference: {fileID: 0}
    - target: {fileID: 4692126772097846, guid: 3de0be9db47ac4e44bae9fd0fc4f8e01, type: 2}
      propertyPath: m_LocalRotation.x
      value: -0
      objectReference: {fileID: 0}
    - target: {fileID: 4692126772097846, guid: 3de0be9db47ac4e44bae9fd0fc4f8e01, type: 2}
      propertyPath: m_LocalRotation.y
      value: -0
      objectReference: {fileID: 0}
    - target: {fileID: 4692126772097846, guid: 3de0be9db47ac4e44bae9fd0fc4f8e01, type: 2}
      propertyPath: m_LocalRotation.z
      value: -0
      objectReference: {fileID: 0}
    - target: {fileID: 4692126772097846, guid: 3de0be9db47ac4e44bae9fd0fc4f8e01, type: 2}
      propertyPath: m_LocalRotation.w
      value: 1
      objectReference: {fileID: 0}
    - target: {fileID: 4692126772097846, guid: 3de0be9db47ac4e44bae9fd0fc4f8e01, type: 2}
      propertyPath: m_RootOrder
      value: 2
      objectReference: {fileID: 0}
    - target: {fileID: 1996218112676952, guid: 3de0be9db47ac4e44bae9fd0fc4f8e01, type: 2}
      propertyPath: m_Name
      value: Switch (1)
      objectReference: {fileID: 0}
    - target: {fileID: 4692126772097846, guid: 3de0be9db47ac4e44bae9fd0fc4f8e01, type: 2}
      propertyPath: m_LocalScale.x
      value: 0.50412
      objectReference: {fileID: 0}
    - target: {fileID: 4692126772097846, guid: 3de0be9db47ac4e44bae9fd0fc4f8e01, type: 2}
      propertyPath: m_LocalScale.y
      value: 0.50412
      objectReference: {fileID: 0}
    - target: {fileID: 4692126772097846, guid: 3de0be9db47ac4e44bae9fd0fc4f8e01, type: 2}
      propertyPath: m_LocalScale.z
      value: 0.50412
      objectReference: {fileID: 0}
    - target: {fileID: 114929378000492522, guid: 3de0be9db47ac4e44bae9fd0fc4f8e01,
        type: 2}
      propertyPath: waitFrames
      value: 50
      objectReference: {fileID: 0}
    m_RemovedComponents: []
  m_ParentPrefab: {fileID: 100100000, guid: 3de0be9db47ac4e44bae9fd0fc4f8e01, type: 2}
  m_IsPrefabParent: 0
--- !u!1 &1185603108
GameObject:
  m_ObjectHideFlags: 0
  m_PrefabParentObject: {fileID: 0}
  m_PrefabInternal: {fileID: 0}
  serializedVersion: 5
  m_Component:
  - component: {fileID: 1185603109}
  m_Layer: 0
  m_Name: SwitchBall (1)
  m_TagString: Untagged
  m_Icon: {fileID: 0}
  m_NavMeshLayer: 0
  m_StaticEditorFlags: 0
  m_IsActive: 1
--- !u!4 &1185603109
Transform:
  m_ObjectHideFlags: 0
  m_PrefabParentObject: {fileID: 0}
  m_PrefabInternal: {fileID: 0}
  m_GameObject: {fileID: 1185603108}
  m_LocalRotation: {x: -0, y: -0, z: -0, w: 1}
  m_LocalPosition: {x: -8.02, y: 0, z: 0}
  m_LocalScale: {x: 1, y: 1, z: 1}
  m_Children:
  - {fileID: 870972085}
  - {fileID: 1911735566}
  - {fileID: 895638740}
  m_Father: {fileID: 1297179509}
  m_RootOrder: 9
  m_LocalEulerAnglesHint: {x: 0, y: 0, z: 0}
--- !u!1 &1203556192
GameObject:
  m_ObjectHideFlags: 0
  m_PrefabParentObject: {fileID: 0}
  m_PrefabInternal: {fileID: 0}
  serializedVersion: 5
  m_Component:
  - component: {fileID: 1203556193}
  - component: {fileID: 1203556194}
  m_Layer: 0
  m_Name: RedBox (1)
  m_TagString: Untagged
  m_Icon: {fileID: 0}
  m_NavMeshLayer: 0
  m_StaticEditorFlags: 0
  m_IsActive: 1
--- !u!4 &1203556193
Transform:
  m_ObjectHideFlags: 0
  m_PrefabParentObject: {fileID: 0}
  m_PrefabInternal: {fileID: 0}
  m_GameObject: {fileID: 1203556192}
  m_LocalRotation: {x: -0, y: -0, z: -0, w: 1}
  m_LocalPosition: {x: -2.1, y: 5.31, z: 0}
  m_LocalScale: {x: 0.5, y: 0.5, z: 0.5}
  m_Children:
  - {fileID: 1050060125}
  - {fileID: 1062561817}
  - {fileID: 1759764305}
  - {fileID: 1647585740}
  m_Father: {fileID: 1297179509}
  m_RootOrder: 6
  m_LocalEulerAnglesHint: {x: 0, y: 0, z: 0}
--- !u!114 &1203556194
MonoBehaviour:
  m_ObjectHideFlags: 0
  m_PrefabParentObject: {fileID: 0}
  m_PrefabInternal: {fileID: 0}
  m_GameObject: {fileID: 1203556192}
  m_Enabled: 0
  m_EditorHideFlags: 0
  m_Script: {fileID: 11500000, guid: 9b0bce4b563603f41888fde1a5070cec, type: 3}
  m_Name: 
  m_EditorClassIdentifier: 
  myObj: {fileID: 1759764304}
  Parti: {fileID: 1050060124}
--- !u!1 &1297179508
GameObject:
  m_ObjectHideFlags: 0
  m_PrefabParentObject: {fileID: 0}
  m_PrefabInternal: {fileID: 0}
  serializedVersion: 5
  m_Component:
  - component: {fileID: 1297179509}
  m_Layer: 0
  m_Name: All
  m_TagString: Untagged
  m_Icon: {fileID: 0}
  m_NavMeshLayer: 0
  m_StaticEditorFlags: 0
  m_IsActive: 1
--- !u!4 &1297179509
Transform:
  m_ObjectHideFlags: 0
  m_PrefabParentObject: {fileID: 0}
  m_PrefabInternal: {fileID: 0}
  m_GameObject: {fileID: 1297179508}
  m_LocalRotation: {x: 0, y: 0, z: 0, w: 1}
  m_LocalPosition: {x: 0, y: 0, z: 0}
  m_LocalScale: {x: 1, y: 1, z: 1}
  m_Children:
  - {fileID: 1912758353}
  - {fileID: 978399057}
  - {fileID: 343117783}
  - {fileID: 1474121618}
  - {fileID: 382561142}
  - {fileID: 534588843}
  - {fileID: 1203556193}
  - {fileID: 1367976062}
  - {fileID: 1636402919}
  - {fileID: 1185603109}
  m_Father: {fileID: 0}
  m_RootOrder: 2
  m_LocalEulerAnglesHint: {x: 0, y: 0, z: 0}
--- !u!1 &1367976061
GameObject:
  m_ObjectHideFlags: 0
  m_PrefabParentObject: {fileID: 0}
  m_PrefabInternal: {fileID: 0}
  serializedVersion: 5
  m_Component:
  - component: {fileID: 1367976062}
  - component: {fileID: 1367976063}
  m_Layer: 0
  m_Name: RedBox
  m_TagString: Untagged
  m_Icon: {fileID: 0}
  m_NavMeshLayer: 0
  m_StaticEditorFlags: 0
  m_IsActive: 1
--- !u!4 &1367976062
Transform:
  m_ObjectHideFlags: 0
  m_PrefabParentObject: {fileID: 0}
  m_PrefabInternal: {fileID: 0}
  m_GameObject: {fileID: 1367976061}
  m_LocalRotation: {x: -0, y: -0, z: -0, w: 1}
  m_LocalPosition: {x: 4.5, y: 4.85, z: 0}
  m_LocalScale: {x: 0.5, y: 0.5, z: 0.5}
  m_Children:
  - {fileID: 1077860826}
  - {fileID: 698129819}
  - {fileID: 907298770}
  - {fileID: 1592419252}
  m_Father: {fileID: 1297179509}
  m_RootOrder: 7
  m_LocalEulerAnglesHint: {x: 0, y: 0, z: 0}
--- !u!114 &1367976063
MonoBehaviour:
  m_ObjectHideFlags: 0
  m_PrefabParentObject: {fileID: 0}
  m_PrefabInternal: {fileID: 0}
  m_GameObject: {fileID: 1367976061}
  m_Enabled: 0
  m_EditorHideFlags: 0
  m_Script: {fileID: 11500000, guid: 9b0bce4b563603f41888fde1a5070cec, type: 3}
  m_Name: 
  m_EditorClassIdentifier: 
  myObj: {fileID: 907298766}
  Parti: {fileID: 1077860823}
--- !u!1001 &1376224634
Prefab:
  m_ObjectHideFlags: 0
  serializedVersion: 2
  m_Modification:
    m_TransformParent: {fileID: 1636402919}
    m_Modifications:
    - target: {fileID: 4692126772097846, guid: 3de0be9db47ac4e44bae9fd0fc4f8e01, type: 2}
      propertyPath: m_LocalPosition.x
      value: 1.7549999
      objectReference: {fileID: 0}
    - target: {fileID: 4692126772097846, guid: 3de0be9db47ac4e44bae9fd0fc4f8e01, type: 2}
      propertyPath: m_LocalPosition.y
      value: -2.31
      objectReference: {fileID: 0}
    - target: {fileID: 4692126772097846, guid: 3de0be9db47ac4e44bae9fd0fc4f8e01, type: 2}
      propertyPath: m_LocalPosition.z
      value: -0.51114553
      objectReference: {fileID: 0}
    - target: {fileID: 4692126772097846, guid: 3de0be9db47ac4e44bae9fd0fc4f8e01, type: 2}
      propertyPath: m_LocalRotation.x
      value: -0
      objectReference: {fileID: 0}
    - target: {fileID: 4692126772097846, guid: 3de0be9db47ac4e44bae9fd0fc4f8e01, type: 2}
      propertyPath: m_LocalRotation.y
      value: -0
      objectReference: {fileID: 0}
    - target: {fileID: 4692126772097846, guid: 3de0be9db47ac4e44bae9fd0fc4f8e01, type: 2}
      propertyPath: m_LocalRotation.z
      value: -0
      objectReference: {fileID: 0}
    - target: {fileID: 4692126772097846, guid: 3de0be9db47ac4e44bae9fd0fc4f8e01, type: 2}
      propertyPath: m_LocalRotation.w
      value: 1
      objectReference: {fileID: 0}
    - target: {fileID: 4692126772097846, guid: 3de0be9db47ac4e44bae9fd0fc4f8e01, type: 2}
      propertyPath: m_RootOrder
      value: 1
      objectReference: {fileID: 0}
    - target: {fileID: 114929378000492522, guid: 3de0be9db47ac4e44bae9fd0fc4f8e01,
        type: 2}
      propertyPath: waitFrames
      value: 50
      objectReference: {fileID: 0}
    m_RemovedComponents: []
  m_ParentPrefab: {fileID: 100100000, guid: 3de0be9db47ac4e44bae9fd0fc4f8e01, type: 2}
  m_IsPrefabParent: 0
--- !u!1001 &1403510691
Prefab:
  m_ObjectHideFlags: 0
  serializedVersion: 2
  m_Modification:
    m_TransformParent: {fileID: 0}
    m_Modifications:
    - target: {fileID: 4639710798883770, guid: 2c83a39f9826b1e4c8dc43c5d34a58c2, type: 2}
      propertyPath: m_LocalPosition.x
      value: -8.303328
      objectReference: {fileID: 0}
    - target: {fileID: 4639710798883770, guid: 2c83a39f9826b1e4c8dc43c5d34a58c2, type: 2}
      propertyPath: m_LocalPosition.y
      value: 4.426464
      objectReference: {fileID: 0}
    - target: {fileID: 4639710798883770, guid: 2c83a39f9826b1e4c8dc43c5d34a58c2, type: 2}
      propertyPath: m_LocalPosition.z
      value: 90
      objectReference: {fileID: 0}
    - target: {fileID: 4639710798883770, guid: 2c83a39f9826b1e4c8dc43c5d34a58c2, type: 2}
      propertyPath: m_LocalRotation.x
      value: 0
      objectReference: {fileID: 0}
    - target: {fileID: 4639710798883770, guid: 2c83a39f9826b1e4c8dc43c5d34a58c2, type: 2}
      propertyPath: m_LocalRotation.y
      value: 0
      objectReference: {fileID: 0}
    - target: {fileID: 4639710798883770, guid: 2c83a39f9826b1e4c8dc43c5d34a58c2, type: 2}
      propertyPath: m_LocalRotation.z
      value: 0
      objectReference: {fileID: 0}
    - target: {fileID: 4639710798883770, guid: 2c83a39f9826b1e4c8dc43c5d34a58c2, type: 2}
      propertyPath: m_LocalRotation.w
      value: 1
      objectReference: {fileID: 0}
    - target: {fileID: 4639710798883770, guid: 2c83a39f9826b1e4c8dc43c5d34a58c2, type: 2}
      propertyPath: m_RootOrder
      value: 0
      objectReference: {fileID: 0}
    - target: {fileID: 114530457809437204, guid: 2c83a39f9826b1e4c8dc43c5d34a58c2,
        type: 2}
      propertyPath: All
      value: 
      objectReference: {fileID: 1297179508}
    - target: {fileID: 114530457809437204, guid: 2c83a39f9826b1e4c8dc43c5d34a58c2,
        type: 2}
      propertyPath: LevelFinish
      value: 
      objectReference: {fileID: 632790461}
    - target: {fileID: 114530457809437204, guid: 2c83a39f9826b1e4c8dc43c5d34a58c2,
        type: 2}
      propertyPath: pause
      value: 
      objectReference: {fileID: 1001393865}
    - target: {fileID: 114530457809437204, guid: 2c83a39f9826b1e4c8dc43c5d34a58c2,
        type: 2}
      propertyPath: level
      value: 
      objectReference: {fileID: 1001393864}
    - target: {fileID: 114530457809437204, guid: 2c83a39f9826b1e4c8dc43c5d34a58c2,
        type: 2}
      propertyPath: scorete
      value: 
      objectReference: {fileID: 1001393863}
    - target: {fileID: 1423878591360244, guid: 2c83a39f9826b1e4c8dc43c5d34a58c2, type: 2}
      propertyPath: m_Name
      value: InGameUI
      objectReference: {fileID: 0}
    m_RemovedComponents: []
  m_ParentPrefab: {fileID: 100100000, guid: 2c83a39f9826b1e4c8dc43c5d34a58c2, type: 2}
  m_IsPrefabParent: 0
--- !u!114 &1403510692 stripped
MonoBehaviour:
  m_PrefabParentObject: {fileID: 114530457809437204, guid: 2c83a39f9826b1e4c8dc43c5d34a58c2,
    type: 2}
  m_PrefabInternal: {fileID: 1403510691}
  m_Script: {fileID: 11500000, guid: 9e3826e30dec4104a922f0b928ec085d, type: 3}
--- !u!1 &1474121615
GameObject:
  m_ObjectHideFlags: 0
  m_PrefabParentObject: {fileID: 0}
  m_PrefabInternal: {fileID: 0}
  serializedVersion: 5
  m_Component:
  - component: {fileID: 1474121618}
  - component: {fileID: 1474121617}
  - component: {fileID: 1474121616}
  m_Layer: 0
  m_Name: LightBlueBase
  m_TagString: Untagged
  m_Icon: {fileID: 0}
  m_NavMeshLayer: 0
  m_StaticEditorFlags: 0
  m_IsActive: 1
--- !u!61 &1474121616
BoxCollider2D:
  m_ObjectHideFlags: 0
  m_PrefabParentObject: {fileID: 0}
  m_PrefabInternal: {fileID: 0}
  m_GameObject: {fileID: 1474121615}
  m_Enabled: 1
  m_Density: 1
  m_Material: {fileID: 0}
  m_IsTrigger: 0
  m_UsedByEffector: 0
  m_UsedByComposite: 0
  m_Offset: {x: 0, y: 0}
  m_SpriteTilingProperty:
    border: {x: 0, y: 0, z: 0, w: 0}
    pivot: {x: 0.5, y: 0.5}
    oldSize: {x: 15.56, y: 1.42}
    newSize: {x: 15.56, y: 1.42}
    adaptiveTilingThreshold: 0.5
    drawMode: 0
    adaptiveTiling: 0
  m_AutoTiling: 0
  serializedVersion: 2
  m_Size: {x: 15.56, y: 1.42}
  m_EdgeRadius: 0
--- !u!212 &1474121617
SpriteRenderer:
  m_ObjectHideFlags: 0
  m_PrefabParentObject: {fileID: 0}
  m_PrefabInternal: {fileID: 0}
  m_GameObject: {fileID: 1474121615}
  m_Enabled: 1
  m_CastShadows: 0
  m_ReceiveShadows: 0
  m_DynamicOccludee: 1
  m_MotionVectors: 1
  m_LightProbeUsage: 1
  m_ReflectionProbeUsage: 1
  m_Materials:
  - {fileID: 10754, guid: 0000000000000000f000000000000000, type: 0}
  m_StaticBatchInfo:
    firstSubMesh: 0
    subMeshCount: 0
  m_StaticBatchRoot: {fileID: 0}
  m_ProbeAnchor: {fileID: 0}
  m_LightProbeVolumeOverride: {fileID: 0}
  m_ScaleInLightmap: 1
  m_PreserveUVs: 0
  m_IgnoreNormalsForChartDetection: 0
  m_ImportantGI: 0
  m_StitchLightmapSeams: 0
  m_SelectedEditorRenderState: 0
  m_MinimumChartSize: 4
  m_AutoUVMaxDistance: 0.5
  m_AutoUVMaxAngle: 89
  m_LightmapParameters: {fileID: 0}
  m_SortingLayerID: 0
  m_SortingLayer: 0
  m_SortingOrder: 0
  m_Sprite: {fileID: 21300000, guid: 3bfe37246c013e348859bfba2309a472, type: 3}
  m_Color: {r: 1, g: 1, b: 1, a: 1}
  m_FlipX: 0
  m_FlipY: 0
  m_DrawMode: 0
  m_Size: {x: 15.56, y: 1.42}
  m_AdaptiveModeThreshold: 0.5
  m_SpriteTileMode: 0
  m_WasSpriteAssigned: 1
  m_MaskInteraction: 0
--- !u!4 &1474121618
Transform:
  m_ObjectHideFlags: 0
  m_PrefabParentObject: {fileID: 0}
  m_PrefabInternal: {fileID: 0}
  m_GameObject: {fileID: 1474121615}
  m_LocalRotation: {x: -0, y: -0, z: -0, w: 1}
  m_LocalPosition: {x: 9.801771, y: -6.05, z: 0}
  m_LocalScale: {x: 1, y: 1, z: 1}
  m_Children: []
  m_Father: {fileID: 1297179509}
  m_RootOrder: 3
  m_LocalEulerAnglesHint: {x: 0, y: 0, z: 0}
--- !u!4 &1592419252 stripped
Transform:
  m_PrefabParentObject: {fileID: 4959098625381886, guid: ed2cc4e4fa3a6184fbe8738792d5376a,
    type: 2}
  m_PrefabInternal: {fileID: 1798869965}
--- !u!1 &1636402918
GameObject:
  m_ObjectHideFlags: 0
  m_PrefabParentObject: {fileID: 0}
  m_PrefabInternal: {fileID: 0}
  serializedVersion: 5
  m_Component:
  - component: {fileID: 1636402919}
  m_Layer: 0
  m_Name: SwitchBall
  m_TagString: Untagged
  m_Icon: {fileID: 0}
  m_NavMeshLayer: 0
  m_StaticEditorFlags: 0
  m_IsActive: 1
--- !u!4 &1636402919
Transform:
  m_ObjectHideFlags: 0
  m_PrefabParentObject: {fileID: 0}
  m_PrefabInternal: {fileID: 0}
  m_GameObject: {fileID: 1636402918}
  m_LocalRotation: {x: 0, y: 0, z: 0, w: 1}
  m_LocalPosition: {x: 0, y: 0, z: 0}
  m_LocalScale: {x: 1, y: 1, z: 1}
  m_Children:
  - {fileID: 689480682}
  - {fileID: 400304292}
  - {fileID: 897647934}
  m_Father: {fileID: 1297179509}
  m_RootOrder: 8
  m_LocalEulerAnglesHint: {x: 0, y: 0, z: 0}
--- !u!1 &1647585739 stripped
GameObject:
  m_PrefabParentObject: {fileID: 1382997184842894, guid: 130f08054e87f614089490c407565e2b,
    type: 2}
  m_PrefabInternal: {fileID: 1809354509}
--- !u!4 &1647585740 stripped
Transform:
  m_PrefabParentObject: {fileID: 4480732714246232, guid: 130f08054e87f614089490c407565e2b,
    type: 2}
  m_PrefabInternal: {fileID: 1809354509}
--- !u!114 &1647585741
MonoBehaviour:
  m_ObjectHideFlags: 0
  m_PrefabParentObject: {fileID: 0}
  m_PrefabInternal: {fileID: 0}
  m_GameObject: {fileID: 1647585739}
  m_Enabled: 1
  m_EditorHideFlags: 0
  m_Script: {fileID: 11500000, guid: 7fbe9b5aa4e15a246a469c595b7acd9d, type: 3}
  m_Name: 
  m_EditorClassIdentifier: 
--- !u!50 &1647585742
Rigidbody2D:
  serializedVersion: 4
  m_ObjectHideFlags: 0
  m_PrefabParentObject: {fileID: 0}
  m_PrefabInternal: {fileID: 0}
  m_GameObject: {fileID: 1647585739}
  m_BodyType: 0
  m_Simulated: 1
  m_UseFullKinematicContacts: 0
  m_UseAutoMass: 0
  m_Mass: 1
  m_LinearDrag: 0
  m_AngularDrag: 0.05
  m_GravityScale: 1
  m_Material: {fileID: 0}
  m_Interpolate: 0
  m_SleepingMode: 1
  m_CollisionDetection: 0
  m_Constraints: 0
--- !u!1001 &1737992362
Prefab:
  m_ObjectHideFlags: 0
  serializedVersion: 2
  m_Modification:
    m_TransformParent: {fileID: 1367976062}
    m_Modifications:
    - target: {fileID: 4070798153131148, guid: e6c7b02bd0a4eae4e8117b4fa0ac59b3, type: 2}
      propertyPath: m_LocalPosition.x
      value: 0.100000024
      objectReference: {fileID: 0}
    - target: {fileID: 4070798153131148, guid: e6c7b02bd0a4eae4e8117b4fa0ac59b3, type: 2}
      propertyPath: m_LocalPosition.y
      value: -0.15999985
      objectReference: {fileID: 0}
    - target: {fileID: 4070798153131148, guid: e6c7b02bd0a4eae4e8117b4fa0ac59b3, type: 2}
      propertyPath: m_LocalPosition.z
      value: 0.04
      objectReference: {fileID: 0}
    - target: {fileID: 4070798153131148, guid: e6c7b02bd0a4eae4e8117b4fa0ac59b3, type: 2}
      propertyPath: m_LocalRotation.x
      value: -0.7071068
      objectReference: {fileID: 0}
    - target: {fileID: 4070798153131148, guid: e6c7b02bd0a4eae4e8117b4fa0ac59b3, type: 2}
      propertyPath: m_LocalRotation.y
      value: -0
      objectReference: {fileID: 0}
    - target: {fileID: 4070798153131148, guid: e6c7b02bd0a4eae4e8117b4fa0ac59b3, type: 2}
      propertyPath: m_LocalRotation.z
      value: -0
      objectReference: {fileID: 0}
    - target: {fileID: 4070798153131148, guid: e6c7b02bd0a4eae4e8117b4fa0ac59b3, type: 2}
      propertyPath: m_LocalRotation.w
      value: 0.7071068
      objectReference: {fileID: 0}
    - target: {fileID: 4070798153131148, guid: e6c7b02bd0a4eae4e8117b4fa0ac59b3, type: 2}
      propertyPath: m_RootOrder
      value: 0
      objectReference: {fileID: 0}
    - target: {fileID: 1933788498472666, guid: e6c7b02bd0a4eae4e8117b4fa0ac59b3, type: 2}
      propertyPath: m_IsActive
      value: 0
      objectReference: {fileID: 0}
    m_RemovedComponents: []
  m_ParentPrefab: {fileID: 100100000, guid: e6c7b02bd0a4eae4e8117b4fa0ac59b3, type: 2}
  m_IsPrefabParent: 0
--- !u!1 &1759764304
GameObject:
  m_ObjectHideFlags: 0
  m_PrefabParentObject: {fileID: 0}
  m_PrefabInternal: {fileID: 0}
  serializedVersion: 5
  m_Component:
  - component: {fileID: 1759764305}
  - component: {fileID: 1759764311}
  - component: {fileID: 1759764310}
  - component: {fileID: 1759764309}
  - component: {fileID: 1759764308}
  - component: {fileID: 1759764307}
  - component: {fileID: 1759764306}
  m_Layer: 0
  m_Name: red
  m_TagString: Untagged
  m_Icon: {fileID: 0}
  m_NavMeshLayer: 0
  m_StaticEditorFlags: 0
  m_IsActive: 1
--- !u!4 &1759764305
Transform:
  m_ObjectHideFlags: 0
  m_PrefabParentObject: {fileID: 0}
  m_PrefabInternal: {fileID: 0}
  m_GameObject: {fileID: 1759764304}
  m_LocalRotation: {x: -0, y: -0, z: -0, w: 1}
  m_LocalPosition: {x: 0.058, y: -0.102, z: 0}
  m_LocalScale: {x: 1, y: 1, z: 1}
  m_Children: []
  m_Father: {fileID: 1203556193}
  m_RootOrder: 2
  m_LocalEulerAnglesHint: {x: 0, y: 0, z: 0}
--- !u!114 &1759764306
MonoBehaviour:
  m_ObjectHideFlags: 0
  m_PrefabParentObject: {fileID: 0}
  m_PrefabInternal: {fileID: 0}
  m_GameObject: {fileID: 1759764304}
  m_Enabled: 1
  m_EditorHideFlags: 0
  m_Script: {fileID: 11500000, guid: fb65aac13b8e8594f83079c046b24b49, type: 3}
  m_Name: 
  m_EditorClassIdentifier: 
  ConnectedObj: {fileID: 1647585740}
  offSet: {x: 0, y: 0}
--- !u!120 &1759764307
LineRenderer:
  m_ObjectHideFlags: 0
  m_PrefabParentObject: {fileID: 0}
  m_PrefabInternal: {fileID: 0}
  m_GameObject: {fileID: 1759764304}
  m_Enabled: 1
  m_CastShadows: 1
  m_ReceiveShadows: 1
  m_DynamicOccludee: 1
  m_MotionVectors: 1
  m_LightProbeUsage: 0
  m_ReflectionProbeUsage: 0
  m_Materials:
  - {fileID: 2100000, guid: 6cdc93452943250439b1352e90a15627, type: 2}
  m_StaticBatchInfo:
    firstSubMesh: 0
    subMeshCount: 0
  m_StaticBatchRoot: {fileID: 0}
  m_ProbeAnchor: {fileID: 0}
  m_LightProbeVolumeOverride: {fileID: 0}
  m_ScaleInLightmap: 1
  m_PreserveUVs: 0
  m_IgnoreNormalsForChartDetection: 0
  m_ImportantGI: 0
  m_StitchLightmapSeams: 0
  m_SelectedEditorRenderState: 3
  m_MinimumChartSize: 4
  m_AutoUVMaxDistance: 0.5
  m_AutoUVMaxAngle: 89
  m_LightmapParameters: {fileID: 0}
  m_SortingLayerID: 0
  m_SortingLayer: 0
  m_SortingOrder: 0
  m_Positions:
  - {x: 0, y: 0, z: 0}
  - {x: 0, y: 0, z: 1}
  m_Parameters:
    serializedVersion: 2
    widthMultiplier: 1
    widthCurve:
      serializedVersion: 2
      m_Curve:
      - serializedVersion: 2
        time: 0.0000019073486
        value: 0.042549133
        inSlope: 0
        outSlope: 0
        tangentMode: 0
      m_PreInfinity: 2
      m_PostInfinity: 2
      m_RotationOrder: 0
    colorGradient:
      serializedVersion: 2
      key0: {r: 1, g: 1, b: 1, a: 1}
      key1: {r: 1, g: 1, b: 1, a: 1}
      key2: {r: 0, g: 0, b: 0, a: 0}
      key3: {r: 0, g: 0, b: 0, a: 0}
      key4: {r: 0, g: 0, b: 0, a: 0}
      key5: {r: 0, g: 0, b: 0, a: 0}
      key6: {r: 0, g: 0, b: 0, a: 0}
      key7: {r: 0, g: 0, b: 0, a: 0}
      ctime0: 0
      ctime1: 65535
      ctime2: 0
      ctime3: 0
      ctime4: 0
      ctime5: 0
      ctime6: 0
      ctime7: 0
      atime0: 0
      atime1: 65535
      atime2: 0
      atime3: 0
      atime4: 0
      atime5: 0
      atime6: 0
      atime7: 0
      m_Mode: 0
      m_NumColorKeys: 2
      m_NumAlphaKeys: 2
    numCornerVertices: 0
    numCapVertices: 0
    alignment: 0
    textureMode: 0
    generateLightingData: 0
  m_UseWorldSpace: 1
  m_Loop: 0
--- !u!233 &1759764308
HingeJoint2D:
  m_ObjectHideFlags: 0
  m_PrefabParentObject: {fileID: 0}
  m_PrefabInternal: {fileID: 0}
  m_GameObject: {fileID: 1759764304}
  m_Enabled: 1
  serializedVersion: 4
  m_EnableCollision: 0
  m_ConnectedRigidBody: {fileID: 1647585742}
  m_BreakForce: Infinity
  m_BreakTorque: Infinity
  m_AutoConfigureConnectedAnchor: 1
  m_Anchor: {x: 0, y: 0}
  m_ConnectedAnchor: {x: 5.443167, y: 2.928609}
  m_UseMotor: 0
  m_Motor:
    m_MotorSpeed: 0
    m_MaximumMotorForce: 10000
  m_UseLimits: 0
  m_AngleLimits:
    m_LowerAngle: 0
    m_UpperAngle: 359
--- !u!50 &1759764309
Rigidbody2D:
  serializedVersion: 4
  m_ObjectHideFlags: 0
  m_PrefabParentObject: {fileID: 0}
  m_PrefabInternal: {fileID: 0}
  m_GameObject: {fileID: 1759764304}
  m_BodyType: 0
  m_Simulated: 1
  m_UseFullKinematicContacts: 0
  m_UseAutoMass: 0
  m_Mass: 1
  m_LinearDrag: 0
  m_AngularDrag: 0.05
  m_GravityScale: 1
  m_Material: {fileID: 0}
  m_Interpolate: 0
  m_SleepingMode: 1
  m_CollisionDetection: 0
  m_Constraints: 0
--- !u!61 &1759764310
BoxCollider2D:
  m_ObjectHideFlags: 0
  m_PrefabParentObject: {fileID: 0}
  m_PrefabInternal: {fileID: 0}
  m_GameObject: {fileID: 1759764304}
  m_Enabled: 1
  m_Density: 1
  m_Material: {fileID: 0}
  m_IsTrigger: 0
  m_UsedByEffector: 0
  m_UsedByComposite: 0
  m_Offset: {x: 0, y: 0.013440132}
  m_SpriteTilingProperty:
    border: {x: 0, y: 0, z: 0, w: 0}
    pivot: {x: 0.5, y: 0.5}
    oldSize: {x: 1.75, y: 1.61}
    newSize: {x: 2.25, y: 2.25}
    adaptiveTilingThreshold: 0.5
    drawMode: 0
    adaptiveTiling: 0
  m_AutoTiling: 0
  serializedVersion: 2
  m_Size: {x: 1.7879236, y: 1.6138382}
  m_EdgeRadius: 0
--- !u!212 &1759764311
SpriteRenderer:
  m_ObjectHideFlags: 0
  m_PrefabParentObject: {fileID: 0}
  m_PrefabInternal: {fileID: 0}
  m_GameObject: {fileID: 1759764304}
  m_Enabled: 1
  m_CastShadows: 0
  m_ReceiveShadows: 0
  m_DynamicOccludee: 1
  m_MotionVectors: 1
  m_LightProbeUsage: 1
  m_ReflectionProbeUsage: 1
  m_Materials:
  - {fileID: 10754, guid: 0000000000000000f000000000000000, type: 0}
  m_StaticBatchInfo:
    firstSubMesh: 0
    subMeshCount: 0
  m_StaticBatchRoot: {fileID: 0}
  m_ProbeAnchor: {fileID: 0}
  m_LightProbeVolumeOverride: {fileID: 0}
  m_ScaleInLightmap: 1
  m_PreserveUVs: 0
  m_IgnoreNormalsForChartDetection: 0
  m_ImportantGI: 0
  m_StitchLightmapSeams: 0
  m_SelectedEditorRenderState: 0
  m_MinimumChartSize: 4
  m_AutoUVMaxDistance: 0.5
  m_AutoUVMaxAngle: 89
  m_LightmapParameters: {fileID: 0}
  m_SortingLayerID: 0
  m_SortingLayer: 0
  m_SortingOrder: 0
  m_Sprite: {fileID: 21300000, guid: 2e334cf25bdf2c0479e4e9e75fe14036, type: 3}
  m_Color: {r: 1, g: 1, b: 1, a: 1}
  m_FlipX: 0
  m_FlipY: 0
  m_DrawMode: 0
  m_Size: {x: 2.25, y: 2.25}
  m_AdaptiveModeThreshold: 0.5
  m_SpriteTileMode: 0
  m_WasSpriteAssigned: 1
  m_MaskInteraction: 0
--- !u!1001 &1798869965
Prefab:
  m_ObjectHideFlags: 0
  serializedVersion: 2
  m_Modification:
    m_TransformParent: {fileID: 1367976062}
    m_Modifications:
    - target: {fileID: 4959098625381886, guid: ed2cc4e4fa3a6184fbe8738792d5376a, type: 2}
      propertyPath: m_LocalPosition.x
      value: -7.6
      objectReference: {fileID: 0}
    - target: {fileID: 4959098625381886, guid: ed2cc4e4fa3a6184fbe8738792d5376a, type: 2}
      propertyPath: m_LocalPosition.y
      value: -0.5
      objectReference: {fileID: 0}
    - target: {fileID: 4959098625381886, guid: ed2cc4e4fa3a6184fbe8738792d5376a, type: 2}
      propertyPath: m_LocalPosition.z
      value: 0
      objectReference: {fileID: 0}
    - target: {fileID: 4959098625381886, guid: ed2cc4e4fa3a6184fbe8738792d5376a, type: 2}
      propertyPath: m_LocalRotation.x
      value: -0
      objectReference: {fileID: 0}
    - target: {fileID: 4959098625381886, guid: ed2cc4e4fa3a6184fbe8738792d5376a, type: 2}
      propertyPath: m_LocalRotation.y
      value: -0
      objectReference: {fileID: 0}
    - target: {fileID: 4959098625381886, guid: ed2cc4e4fa3a6184fbe8738792d5376a, type: 2}
      propertyPath: m_LocalRotation.z
      value: -0
      objectReference: {fileID: 0}
    - target: {fileID: 4959098625381886, guid: ed2cc4e4fa3a6184fbe8738792d5376a, type: 2}
      propertyPath: m_LocalRotation.w
      value: 1
      objectReference: {fileID: 0}
    - target: {fileID: 4959098625381886, guid: ed2cc4e4fa3a6184fbe8738792d5376a, type: 2}
      propertyPath: m_RootOrder
      value: 3
      objectReference: {fileID: 0}
    - target: {fileID: 1341728296828056, guid: ed2cc4e4fa3a6184fbe8738792d5376a, type: 2}
      propertyPath: m_Name
      value: Man (1)
      objectReference: {fileID: 0}
    - target: {fileID: 1482393551237968, guid: ed2cc4e4fa3a6184fbe8738792d5376a, type: 2}
      propertyPath: m_TagString
      value: Over
      objectReference: {fileID: 0}
    - target: {fileID: 4959098625381886, guid: ed2cc4e4fa3a6184fbe8738792d5376a, type: 2}
      propertyPath: m_LocalScale.x
      value: 1.6
      objectReference: {fileID: 0}
    - target: {fileID: 4959098625381886, guid: ed2cc4e4fa3a6184fbe8738792d5376a, type: 2}
      propertyPath: m_LocalScale.y
      value: 1.6
      objectReference: {fileID: 0}
    - target: {fileID: 4959098625381886, guid: ed2cc4e4fa3a6184fbe8738792d5376a, type: 2}
      propertyPath: m_LocalScale.z
      value: 1.6
      objectReference: {fileID: 0}
    m_RemovedComponents: []
  m_ParentPrefab: {fileID: 100100000, guid: ed2cc4e4fa3a6184fbe8738792d5376a, type: 2}
  m_IsPrefabParent: 0
--- !u!1001 &1809354509
Prefab:
  m_ObjectHideFlags: 0
  serializedVersion: 2
  m_Modification:
    m_TransformParent: {fileID: 1203556193}
    m_Modifications:
    - target: {fileID: 4480732714246232, guid: 130f08054e87f614089490c407565e2b, type: 2}
      propertyPath: m_LocalPosition.x
      value: -5.7
      objectReference: {fileID: 0}
    - target: {fileID: 4480732714246232, guid: 130f08054e87f614089490c407565e2b, type: 2}
      propertyPath: m_LocalPosition.y
      value: -3.2
      objectReference: {fileID: 0}
    - target: {fileID: 4480732714246232, guid: 130f08054e87f614089490c407565e2b, type: 2}
      propertyPath: m_LocalPosition.z
      value: -1.0222911
      objectReference: {fileID: 0}
    - target: {fileID: 4480732714246232, guid: 130f08054e87f614089490c407565e2b, type: 2}
      propertyPath: m_LocalRotation.x
      value: -0
      objectReference: {fileID: 0}
    - target: {fileID: 4480732714246232, guid: 130f08054e87f614089490c407565e2b, type: 2}
      propertyPath: m_LocalRotation.y
      value: -0
      objectReference: {fileID: 0}
    - target: {fileID: 4480732714246232, guid: 130f08054e87f614089490c407565e2b, type: 2}
      propertyPath: m_LocalRotation.z
      value: -0
      objectReference: {fileID: 0}
    - target: {fileID: 4480732714246232, guid: 130f08054e87f614089490c407565e2b, type: 2}
      propertyPath: m_LocalRotation.w
      value: 1
      objectReference: {fileID: 0}
    - target: {fileID: 4480732714246232, guid: 130f08054e87f614089490c407565e2b, type: 2}
      propertyPath: m_RootOrder
      value: 3
      objectReference: {fileID: 0}
    - target: {fileID: 4480732714246232, guid: 130f08054e87f614089490c407565e2b, type: 2}
      propertyPath: m_LocalScale.x
      value: 1.05784
      objectReference: {fileID: 0}
    - target: {fileID: 4480732714246232, guid: 130f08054e87f614089490c407565e2b, type: 2}
      propertyPath: m_LocalScale.y
      value: 1.05784
      objectReference: {fileID: 0}
    - target: {fileID: 4480732714246232, guid: 130f08054e87f614089490c407565e2b, type: 2}
      propertyPath: m_LocalScale.z
      value: 1.05784
      objectReference: {fileID: 0}
    - target: {fileID: 1382997184842894, guid: 130f08054e87f614089490c407565e2b, type: 2}
      propertyPath: m_Name
      value: Red_Ring (1)
      objectReference: {fileID: 0}
    - target: {fileID: 1382997184842894, guid: 130f08054e87f614089490c407565e2b, type: 2}
      propertyPath: m_IsActive
      value: 1
      objectReference: {fileID: 0}
    m_RemovedComponents: []
  m_ParentPrefab: {fileID: 100100000, guid: 130f08054e87f614089490c407565e2b, type: 2}
  m_IsPrefabParent: 0
--- !u!1 &1815152887
GameObject:
  m_ObjectHideFlags: 0
  m_PrefabParentObject: {fileID: 0}
  m_PrefabInternal: {fileID: 0}
  serializedVersion: 5
  m_Component:
  - component: {fileID: 1815152888}
  - component: {fileID: 1815152890}
  - component: {fileID: 1815152889}
  m_Layer: 5
  m_Name: Arrow (1)
  m_TagString: Untagged
  m_Icon: {fileID: 0}
  m_NavMeshLayer: 0
  m_StaticEditorFlags: 0
  m_IsActive: 1
--- !u!224 &1815152888
RectTransform:
  m_ObjectHideFlags: 0
  m_PrefabParentObject: {fileID: 0}
  m_PrefabInternal: {fileID: 0}
  m_GameObject: {fileID: 1815152887}
  m_LocalRotation: {x: -0, y: -0, z: 0.18864617, w: 0.9820451}
  m_LocalPosition: {x: -125, y: 429.7934, z: 0}
  m_LocalScale: {x: 1, y: 0.9996537, z: 2.63928}
  m_Children: []
  m_Father: {fileID: 237914429}
  m_RootOrder: 2
  m_LocalEulerAnglesHint: {x: 0, y: 0, z: 21.748001}
  m_AnchorMin: {x: 0.5, y: 1}
  m_AnchorMax: {x: 0.5, y: 1}
  m_AnchoredPosition: {x: -125, y: 379.7934}
  m_SizeDelta: {x: 150, y: 150}
  m_Pivot: {x: 0.5, y: 0.5}
--- !u!114 &1815152889
MonoBehaviour:
  m_ObjectHideFlags: 0
  m_PrefabParentObject: {fileID: 0}
  m_PrefabInternal: {fileID: 0}
  m_GameObject: {fileID: 1815152887}
  m_Enabled: 1
  m_EditorHideFlags: 0
  m_Script: {fileID: -765806418, guid: f70555f144d8491a825f0804e09c671c, type: 3}
  m_Name: 
  m_EditorClassIdentifier: 
  m_Material: {fileID: 0}
  m_Color: {r: 1, g: 1, b: 1, a: 1}
  m_RaycastTarget: 0
  m_OnCullStateChanged:
    m_PersistentCalls:
      m_Calls: []
    m_TypeName: UnityEngine.UI.MaskableGraphic+CullStateChangedEvent, UnityEngine.UI,
      Version=1.0.0.0, Culture=neutral, PublicKeyToken=null
  m_Sprite: {fileID: 21300000, guid: da65ad59ad811ba4bb6f31ce41f704eb, type: 3}
  m_Type: 0
  m_PreserveAspect: 1
  m_FillCenter: 1
  m_FillMethod: 4
  m_FillAmount: 1
  m_FillClockwise: 1
  m_FillOrigin: 0
--- !u!222 &1815152890
CanvasRenderer:
  m_ObjectHideFlags: 0
  m_PrefabParentObject: {fileID: 0}
  m_PrefabInternal: {fileID: 0}
  m_GameObject: {fileID: 1815152887}
--- !u!1 &1911735565 stripped
GameObject:
  m_PrefabParentObject: {fileID: 1996218112676952, guid: 3de0be9db47ac4e44bae9fd0fc4f8e01,
    type: 2}
  m_PrefabInternal: {fileID: 912163071}
--- !u!4 &1911735566 stripped
Transform:
  m_PrefabParentObject: {fileID: 4692126772097846, guid: 3de0be9db47ac4e44bae9fd0fc4f8e01,
    type: 2}
  m_PrefabInternal: {fileID: 912163071}
--- !u!4 &1912758353 stripped
Transform:
  m_PrefabParentObject: {fileID: 4807573377120318, guid: 04ef46aaeddabac49afef7dd35b5d484,
    type: 2}
  m_PrefabInternal: {fileID: 1057810298}
--- !u!114 &1930453287 stripped
MonoBehaviour:
  m_PrefabParentObject: {fileID: 114408245701521108, guid: 650d839b329dc774cbd9d2c0ed016487,
    type: 2}
  m_PrefabInternal: {fileID: 1001393861}
  m_Script: {fileID: 708705254, guid: f5f67c52d1564df4a8936ccd202a3bd8, type: 3}
--- !u!1 &1936237502
GameObject:
  m_ObjectHideFlags: 0
  m_PrefabParentObject: {fileID: 0}
  m_PrefabInternal: {fileID: 0}
  serializedVersion: 5
  m_Component:
  - component: {fileID: 1936237503}
  - component: {fileID: 1936237505}
  - component: {fileID: 1936237504}
  m_Layer: 5
  m_Name: OutOfScreen
  m_TagString: Untagged
  m_Icon: {fileID: 0}
  m_NavMeshLayer: 0
  m_StaticEditorFlags: 0
  m_IsActive: 1
--- !u!224 &1936237503
RectTransform:
  m_ObjectHideFlags: 0
  m_PrefabParentObject: {fileID: 0}
  m_PrefabInternal: {fileID: 0}
  m_GameObject: {fileID: 1936237502}
  m_LocalRotation: {x: -0, y: -0, z: -0, w: 1}
  m_LocalPosition: {x: -462, y: -400.7934, z: 0}
  m_LocalScale: {x: 1, y: 1, z: 1}
  m_Children: []
  m_Father: {fileID: 237914429}
  m_RootOrder: 5
  m_LocalEulerAnglesHint: {x: 0, y: 0, z: 0}
  m_AnchorMin: {x: 0.5, y: 0}
  m_AnchorMax: {x: 0.5, y: 0}
  m_AnchoredPosition: {x: -462, y: -350.7934}
  m_SizeDelta: {x: 758.69995, y: 226}
  m_Pivot: {x: 0.5, y: 0.5}
--- !u!114 &1936237504
MonoBehaviour:
  m_ObjectHideFlags: 0
  m_PrefabParentObject: {fileID: 0}
  m_PrefabInternal: {fileID: 0}
  m_GameObject: {fileID: 1936237502}
  m_Enabled: 1
  m_EditorHideFlags: 0
  m_Script: {fileID: -765806418, guid: f70555f144d8491a825f0804e09c671c, type: 3}
  m_Name: 
  m_EditorClassIdentifier: 
  m_Material: {fileID: 0}
  m_Color: {r: 1, g: 1, b: 1, a: 1}
  m_RaycastTarget: 1
  m_OnCullStateChanged:
    m_PersistentCalls:
      m_Calls: []
    m_TypeName: UnityEngine.UI.MaskableGraphic+CullStateChangedEvent, UnityEngine.UI,
      Version=1.0.0.0, Culture=neutral, PublicKeyToken=null
  m_Sprite: {fileID: 21300000, guid: e7c5cc17270bb9a4fbcf9c50f6b9cddd, type: 3}
  m_Type: 0
  m_PreserveAspect: 1
  m_FillCenter: 1
  m_FillMethod: 4
  m_FillAmount: 1
  m_FillClockwise: 1
  m_FillOrigin: 0
--- !u!222 &1936237505
CanvasRenderer:
  m_ObjectHideFlags: 0
  m_PrefabParentObject: {fileID: 0}
  m_PrefabInternal: {fileID: 0}
  m_GameObject: {fileID: 1936237502}
--- !u!1 &2034156362
GameObject:
  m_ObjectHideFlags: 0
  m_PrefabParentObject: {fileID: 0}
  m_PrefabInternal: {fileID: 0}
  serializedVersion: 5
  m_Component:
  - component: {fileID: 2034156363}
  - component: {fileID: 2034156365}
  - component: {fileID: 2034156364}
  m_Layer: 5
  m_Name: StrightArrow
  m_TagString: Untagged
  m_Icon: {fileID: 0}
  m_NavMeshLayer: 0
  m_StaticEditorFlags: 0
  m_IsActive: 1
--- !u!224 &2034156363
RectTransform:
  m_ObjectHideFlags: 0
  m_PrefabParentObject: {fileID: 0}
  m_PrefabInternal: {fileID: 0}
  m_GameObject: {fileID: 2034156362}
  m_LocalRotation: {x: -0, y: -0, z: 0.70480406, w: 0.7094021}
  m_LocalPosition: {x: 91, y: -27.000183, z: 0}
  m_LocalScale: {x: 0.99965423, y: 0.99965423, z: 0.99965364}
  m_Children: []
  m_Father: {fileID: 237914429}
  m_RootOrder: 4
  m_LocalEulerAnglesHint: {x: 0, y: 0, z: 89.62701}
  m_AnchorMin: {x: 0.5, y: 0.5}
  m_AnchorMax: {x: 0.5, y: 0.5}
  m_AnchoredPosition: {x: 91, y: -27.000183}
  m_SizeDelta: {x: 100, y: 100}
  m_Pivot: {x: 0.5, y: 0.5}
--- !u!114 &2034156364
MonoBehaviour:
  m_ObjectHideFlags: 0
  m_PrefabParentObject: {fileID: 0}
  m_PrefabInternal: {fileID: 0}
  m_GameObject: {fileID: 2034156362}
  m_Enabled: 1
  m_EditorHideFlags: 0
  m_Script: {fileID: -765806418, guid: f70555f144d8491a825f0804e09c671c, type: 3}
  m_Name: 
  m_EditorClassIdentifier: 
  m_Material: {fileID: 0}
  m_Color: {r: 1, g: 1, b: 1, a: 1}
  m_RaycastTarget: 0
  m_OnCullStateChanged:
    m_PersistentCalls:
      m_Calls: []
    m_TypeName: UnityEngine.UI.MaskableGraphic+CullStateChangedEvent, UnityEngine.UI,
      Version=1.0.0.0, Culture=neutral, PublicKeyToken=null
  m_Sprite: {fileID: 21300000, guid: 0f2d35d883f93a943a2faac2a1a56656, type: 3}
  m_Type: 0
  m_PreserveAspect: 1
  m_FillCenter: 1
  m_FillMethod: 4
  m_FillAmount: 1
  m_FillClockwise: 1
  m_FillOrigin: 0
--- !u!222 &2034156365
CanvasRenderer:
  m_ObjectHideFlags: 0
  m_PrefabParentObject: {fileID: 0}
  m_PrefabInternal: {fileID: 0}
  m_GameObject: {fileID: 2034156362}
--- !u!1001 &2136034537
Prefab:
  m_ObjectHideFlags: 0
  serializedVersion: 2
  m_Modification:
    m_TransformParent: {fileID: 1185603109}
    m_Modifications:
    - target: {fileID: 4480732714246232, guid: 130f08054e87f614089490c407565e2b, type: 2}
      propertyPath: m_LocalPosition.x
      value: 1.5
      objectReference: {fileID: 0}
    - target: {fileID: 4480732714246232, guid: 130f08054e87f614089490c407565e2b, type: 2}
      propertyPath: m_LocalPosition.y
      value: -0.2
      objectReference: {fileID: 0}
    - target: {fileID: 4480732714246232, guid: 130f08054e87f614089490c407565e2b, type: 2}
      propertyPath: m_LocalPosition.z
      value: -0.51114553
      objectReference: {fileID: 0}
    - target: {fileID: 4480732714246232, guid: 130f08054e87f614089490c407565e2b, type: 2}
      propertyPath: m_LocalRotation.x
      value: -0
      objectReference: {fileID: 0}
    - target: {fileID: 4480732714246232, guid: 130f08054e87f614089490c407565e2b, type: 2}
      propertyPath: m_LocalRotation.y
      value: -0
      objectReference: {fileID: 0}
    - target: {fileID: 4480732714246232, guid: 130f08054e87f614089490c407565e2b, type: 2}
      propertyPath: m_LocalRotation.z
      value: -0
      objectReference: {fileID: 0}
    - target: {fileID: 4480732714246232, guid: 130f08054e87f614089490c407565e2b, type: 2}
      propertyPath: m_LocalRotation.w
      value: 1
      objectReference: {fileID: 0}
    - target: {fileID: 4480732714246232, guid: 130f08054e87f614089490c407565e2b, type: 2}
      propertyPath: m_RootOrder
      value: 0
      objectReference: {fileID: 0}
    - target: {fileID: 4480732714246232, guid: 130f08054e87f614089490c407565e2b, type: 2}
      propertyPath: m_LocalScale.x
      value: 0.52892226
      objectReference: {fileID: 0}
    - target: {fileID: 4480732714246232, guid: 130f08054e87f614089490c407565e2b, type: 2}
      propertyPath: m_LocalScale.y
      value: 0.52892244
      objectReference: {fileID: 0}
    - target: {fileID: 4480732714246232, guid: 130f08054e87f614089490c407565e2b, type: 2}
      propertyPath: m_LocalScale.z
      value: 0.52892244
      objectReference: {fileID: 0}
    m_RemovedComponents: []
  m_ParentPrefab: {fileID: 100100000, guid: 130f08054e87f614089490c407565e2b, type: 2}
  m_IsPrefabParent: 0
