%YAML 1.1
%TAG !u! tag:unity3d.com,2011:
--- !u!29 &1
OcclusionCullingSettings:
  m_ObjectHideFlags: 0
  serializedVersion: 2
  m_OcclusionBakeSettings:
    smallestOccluder: 5
    smallestHole: 0.25
    backfaceThreshold: 100
  m_SceneGUID: 00000000000000000000000000000000
  m_OcclusionCullingData: {fileID: 0}
--- !u!104 &2
RenderSettings:
  m_ObjectHideFlags: 0
  serializedVersion: 8
  m_Fog: 0
  m_FogColor: {r: 0.5, g: 0.5, b: 0.5, a: 1}
  m_FogMode: 3
  m_FogDensity: 0.01
  m_LinearFogStart: 0
  m_LinearFogEnd: 300
  m_AmbientSkyColor: {r: 0.212, g: 0.227, b: 0.259, a: 1}
  m_AmbientEquatorColor: {r: 0.114, g: 0.125, b: 0.133, a: 1}
  m_AmbientGroundColor: {r: 0.047, g: 0.043, b: 0.035, a: 1}
  m_AmbientIntensity: 1
  m_AmbientMode: 3
  m_SubtractiveShadowColor: {r: 0.42, g: 0.478, b: 0.627, a: 1}
  m_SkyboxMaterial: {fileID: 0}
  m_HaloStrength: 0.5
  m_FlareStrength: 1
  m_FlareFadeSpeed: 3
  m_HaloTexture: {fileID: 0}
  m_SpotCookie: {fileID: 10001, guid: 0000000000000000e000000000000000, type: 0}
  m_DefaultReflectionMode: 0
  m_DefaultReflectionResolution: 128
  m_ReflectionBounces: 1
  m_ReflectionIntensity: 1
  m_CustomReflection: {fileID: 0}
  m_Sun: {fileID: 0}
  m_IndirectSpecularColor: {r: 0, g: 0, b: 0, a: 1}
--- !u!157 &3
LightmapSettings:
  m_ObjectHideFlags: 0
  serializedVersion: 11
  m_GIWorkflowMode: 1
  m_GISettings:
    serializedVersion: 2
    m_BounceScale: 1
    m_IndirectOutputScale: 1
    m_AlbedoBoost: 1
    m_TemporalCoherenceThreshold: 1
    m_EnvironmentLightingMode: 0
    m_EnableBakedLightmaps: 0
    m_EnableRealtimeLightmaps: 0
  m_LightmapEditorSettings:
    serializedVersion: 9
    m_Resolution: 2
    m_BakeResolution: 40
    m_TextureWidth: 1024
    m_TextureHeight: 1024
    m_AO: 0
    m_AOMaxDistance: 1
    m_CompAOExponent: 1
    m_CompAOExponentDirect: 0
    m_Padding: 2
    m_LightmapParameters: {fileID: 0}
    m_LightmapsBakeMode: 1
    m_TextureCompression: 1
    m_FinalGather: 0
    m_FinalGatherFiltering: 1
    m_FinalGatherRayCount: 256
    m_ReflectionCompression: 2
    m_MixedBakeMode: 2
    m_BakeBackend: 0
    m_PVRSampling: 1
    m_PVRDirectSampleCount: 32
    m_PVRSampleCount: 500
    m_PVRBounces: 2
    m_PVRFilterTypeDirect: 0
    m_PVRFilterTypeIndirect: 0
    m_PVRFilterTypeAO: 0
    m_PVRFilteringMode: 1
    m_PVRCulling: 1
    m_PVRFilteringGaussRadiusDirect: 1
    m_PVRFilteringGaussRadiusIndirect: 5
    m_PVRFilteringGaussRadiusAO: 2
    m_PVRFilteringAtrousPositionSigmaDirect: 0.5
    m_PVRFilteringAtrousPositionSigmaIndirect: 2
    m_PVRFilteringAtrousPositionSigmaAO: 1
  m_LightingDataAsset: {fileID: 0}
  m_UseShadowmask: 1
--- !u!196 &4
NavMeshSettings:
  serializedVersion: 2
  m_ObjectHideFlags: 0
  m_BuildSettings:
    serializedVersion: 2
    agentTypeID: 0
    agentRadius: 0.5
    agentHeight: 2
    agentSlope: 45
    agentClimb: 0.4
    ledgeDropHeight: 0
    maxJumpAcrossDistance: 0
    minRegionArea: 2
    manualCellSize: 0
    cellSize: 0.16666667
    manualTileSize: 0
    tileSize: 256
    accuratePlacement: 0
    debug:
      m_Flags: 0
  m_NavMeshData: {fileID: 0}
--- !u!1001 &70484181
Prefab:
  m_ObjectHideFlags: 0
  serializedVersion: 2
  m_Modification:
    m_TransformParent: {fileID: 1919210851}
    m_Modifications:
    - target: {fileID: 4147404577114896, guid: 93f4d722151f3fe4f99f8b4d38f7cae5, type: 2}
      propertyPath: m_LocalPosition.x
      value: 19.059237
      objectReference: {fileID: 0}
    - target: {fileID: 4147404577114896, guid: 93f4d722151f3fe4f99f8b4d38f7cae5, type: 2}
      propertyPath: m_LocalPosition.y
      value: 1.1043739
      objectReference: {fileID: 0}
    - target: {fileID: 4147404577114896, guid: 93f4d722151f3fe4f99f8b4d38f7cae5, type: 2}
      propertyPath: m_LocalPosition.z
      value: -90
      objectReference: {fileID: 0}
    - target: {fileID: 4147404577114896, guid: 93f4d722151f3fe4f99f8b4d38f7cae5, type: 2}
      propertyPath: m_LocalRotation.x
      value: -0
      objectReference: {fileID: 0}
    - target: {fileID: 4147404577114896, guid: 93f4d722151f3fe4f99f8b4d38f7cae5, type: 2}
      propertyPath: m_LocalRotation.y
      value: -0
      objectReference: {fileID: 0}
    - target: {fileID: 4147404577114896, guid: 93f4d722151f3fe4f99f8b4d38f7cae5, type: 2}
      propertyPath: m_LocalRotation.z
      value: -0
      objectReference: {fileID: 0}
    - target: {fileID: 4147404577114896, guid: 93f4d722151f3fe4f99f8b4d38f7cae5, type: 2}
      propertyPath: m_LocalRotation.w
      value: 1
      objectReference: {fileID: 0}
    - target: {fileID: 4147404577114896, guid: 93f4d722151f3fe4f99f8b4d38f7cae5, type: 2}
      propertyPath: m_RootOrder
      value: 7
      objectReference: {fileID: 0}
    - target: {fileID: 1262643380763166, guid: 93f4d722151f3fe4f99f8b4d38f7cae5, type: 2}
      propertyPath: m_Name
      value: Base Arriba
      objectReference: {fileID: 0}
    m_RemovedComponents: []
  m_ParentPrefab: {fileID: 100100000, guid: 93f4d722151f3fe4f99f8b4d38f7cae5, type: 2}
  m_IsPrefabParent: 0
--- !u!4 &70484182 stripped
Transform:
  m_PrefabParentObject: {fileID: 4147404577114896, guid: 93f4d722151f3fe4f99f8b4d38f7cae5,
    type: 2}
  m_PrefabInternal: {fileID: 70484181}
--- !u!1 &241344378
GameObject:
  m_ObjectHideFlags: 0
  m_PrefabParentObject: {fileID: 1423878591360244, guid: 2c83a39f9826b1e4c8dc43c5d34a58c2,
    type: 2}
  m_PrefabInternal: {fileID: 0}
  serializedVersion: 5
  m_Component:
  - component: {fileID: 241344379}
  m_Layer: 0
  m_Name: InagmeUI
  m_TagString: Untagged
  m_Icon: {fileID: 0}
  m_NavMeshLayer: 0
  m_StaticEditorFlags: 0
  m_IsActive: 1
--- !u!4 &241344379
Transform:
  m_ObjectHideFlags: 0
  m_PrefabParentObject: {fileID: 4639710798883770, guid: 2c83a39f9826b1e4c8dc43c5d34a58c2,
    type: 2}
  m_PrefabInternal: {fileID: 0}
  m_GameObject: {fileID: 241344378}
  m_LocalRotation: {x: 0, y: 0, z: 0, w: 1}
  m_LocalPosition: {x: 0, y: 0, z: 0}
  m_LocalScale: {x: 1, y: 1, z: 1}
  m_Children:
  - {fileID: 1251080649}
  m_Father: {fileID: 0}
  m_RootOrder: 3
  m_LocalEulerAnglesHint: {x: 0, y: 0, z: 0}
--- !u!1 &295863436
GameObject:
  m_ObjectHideFlags: 0
  m_PrefabParentObject: {fileID: 1376518232062976, guid: 6dee661d93a42144c855002f5c2988e9,
    type: 2}
  m_PrefabInternal: {fileID: 0}
  serializedVersion: 5
  m_Component:
  - component: {fileID: 295863437}
  - component: {fileID: 295863443}
  - component: {fileID: 295863442}
  - component: {fileID: 295863441}
  - component: {fileID: 295863440}
  - component: {fileID: 295863439}
  - component: {fileID: 295863438}
  m_Layer: 0
  m_Name: red
  m_TagString: Untagged
  m_Icon: {fileID: 0}
  m_NavMeshLayer: 0
  m_StaticEditorFlags: 0
  m_IsActive: 1
--- !u!4 &295863437
Transform:
  m_ObjectHideFlags: 0
  m_PrefabParentObject: {fileID: 4819913131261392, guid: 6dee661d93a42144c855002f5c2988e9,
    type: 2}
  m_PrefabInternal: {fileID: 0}
  m_GameObject: {fileID: 295863436}
  m_LocalRotation: {x: -0, y: -0, z: -0, w: 1}
  m_LocalPosition: {x: 0.14, y: -0.02, z: 0}
  m_LocalScale: {x: 1, y: 1, z: 1}
  m_Children: []
  m_Father: {fileID: 913426328}
  m_RootOrder: 1
  m_LocalEulerAnglesHint: {x: 0, y: 0, z: 0}
--- !u!114 &295863438
MonoBehaviour:
  m_ObjectHideFlags: 0
  m_PrefabParentObject: {fileID: 114266693748902634, guid: 6dee661d93a42144c855002f5c2988e9,
    type: 2}
  m_PrefabInternal: {fileID: 0}
  m_GameObject: {fileID: 295863436}
  m_Enabled: 1
  m_EditorHideFlags: 0
  m_Script: {fileID: 11500000, guid: fb65aac13b8e8594f83079c046b24b49, type: 3}
  m_Name: 
  m_EditorClassIdentifier: 
  ConnectedObj: {fileID: 1146334389}
  offSet: {x: 0, y: 0}
--- !u!120 &295863439
LineRenderer:
  m_ObjectHideFlags: 0
  m_PrefabParentObject: {fileID: 120470088880204224, guid: 6dee661d93a42144c855002f5c2988e9,
    type: 2}
  m_PrefabInternal: {fileID: 0}
  m_GameObject: {fileID: 295863436}
  m_Enabled: 1
  m_CastShadows: 1
  m_ReceiveShadows: 1
  m_DynamicOccludee: 1
  m_MotionVectors: 1
  m_LightProbeUsage: 0
  m_ReflectionProbeUsage: 0
  m_Materials:
  - {fileID: 2100000, guid: 6cdc93452943250439b1352e90a15627, type: 2}
  m_StaticBatchInfo:
    firstSubMesh: 0
    subMeshCount: 0
  m_StaticBatchRoot: {fileID: 0}
  m_ProbeAnchor: {fileID: 0}
  m_LightProbeVolumeOverride: {fileID: 0}
  m_ScaleInLightmap: 1
  m_PreserveUVs: 0
  m_IgnoreNormalsForChartDetection: 0
  m_ImportantGI: 0
  m_StitchLightmapSeams: 0
  m_SelectedEditorRenderState: 3
  m_MinimumChartSize: 4
  m_AutoUVMaxDistance: 0.5
  m_AutoUVMaxAngle: 89
  m_LightmapParameters: {fileID: 0}
  m_SortingLayerID: 0
  m_SortingLayer: 0
  m_SortingOrder: 0
  m_Positions:
  - {x: 0, y: 0, z: 0}
  - {x: 0, y: 0, z: 1}
  m_Parameters:
    serializedVersion: 2
    widthMultiplier: 1
    widthCurve:
      serializedVersion: 2
      m_Curve:
      - serializedVersion: 2
        time: 0.0000019073486
        value: 0.042549133
        inSlope: 0
        outSlope: 0
        tangentMode: 0
      m_PreInfinity: 2
      m_PostInfinity: 2
      m_RotationOrder: 0
    colorGradient:
      serializedVersion: 2
      key0: {r: 1, g: 1, b: 1, a: 1}
      key1: {r: 1, g: 1, b: 1, a: 1}
      key2: {r: 0, g: 0, b: 0, a: 0}
      key3: {r: 0, g: 0, b: 0, a: 0}
      key4: {r: 0, g: 0, b: 0, a: 0}
      key5: {r: 0, g: 0, b: 0, a: 0}
      key6: {r: 0, g: 0, b: 0, a: 0}
      key7: {r: 0, g: 0, b: 0, a: 0}
      ctime0: 0
      ctime1: 65535
      ctime2: 0
      ctime3: 0
      ctime4: 0
      ctime5: 0
      ctime6: 0
      ctime7: 0
      atime0: 0
      atime1: 65535
      atime2: 0
      atime3: 0
      atime4: 0
      atime5: 0
      atime6: 0
      atime7: 0
      m_Mode: 0
      m_NumColorKeys: 2
      m_NumAlphaKeys: 2
    numCornerVertices: 0
    numCapVertices: 0
    alignment: 0
    textureMode: 0
    generateLightingData: 0
  m_UseWorldSpace: 1
  m_Loop: 0
--- !u!233 &295863440
HingeJoint2D:
  m_ObjectHideFlags: 0
  m_PrefabParentObject: {fileID: 233698082644402854, guid: 6dee661d93a42144c855002f5c2988e9,
    type: 2}
  m_PrefabInternal: {fileID: 0}
  m_GameObject: {fileID: 295863436}
  m_Enabled: 1
  serializedVersion: 4
  m_EnableCollision: 0
  m_ConnectedRigidBody: {fileID: 1146334391}
  m_BreakForce: Infinity
  m_BreakTorque: Infinity
  m_AutoConfigureConnectedAnchor: 1
  m_Anchor: {x: 0, y: 0}
  m_ConnectedAnchor: {x: -7.4125, y: 3.1374996}
  m_UseMotor: 0
  m_Motor:
    m_MotorSpeed: 0
    m_MaximumMotorForce: 10000
  m_UseLimits: 0
  m_AngleLimits:
    m_LowerAngle: 0
    m_UpperAngle: 359
--- !u!50 &295863441
Rigidbody2D:
  serializedVersion: 4
  m_ObjectHideFlags: 0
  m_PrefabParentObject: {fileID: 50887086542704120, guid: 6dee661d93a42144c855002f5c2988e9,
    type: 2}
  m_PrefabInternal: {fileID: 0}
  m_GameObject: {fileID: 295863436}
  m_BodyType: 0
  m_Simulated: 1
  m_UseFullKinematicContacts: 0
  m_UseAutoMass: 0
  m_Mass: 1
  m_LinearDrag: 0
  m_AngularDrag: 0.05
  m_GravityScale: 1
  m_Material: {fileID: 0}
  m_Interpolate: 0
  m_SleepingMode: 1
  m_CollisionDetection: 0
  m_Constraints: 0
--- !u!61 &295863442
BoxCollider2D:
  m_ObjectHideFlags: 0
  m_PrefabParentObject: {fileID: 61301930640668948, guid: 6dee661d93a42144c855002f5c2988e9,
    type: 2}
  m_PrefabInternal: {fileID: 0}
  m_GameObject: {fileID: 295863436}
  m_Enabled: 1
  m_Density: 1
  m_Material: {fileID: 0}
  m_IsTrigger: 0
  m_UsedByEffector: 0
  m_UsedByComposite: 0
  m_Offset: {x: 0, y: 0.013440132}
  m_SpriteTilingProperty:
    border: {x: 0, y: 0, z: 0, w: 0}
    pivot: {x: 0.5, y: 0.5}
    oldSize: {x: 1.75, y: 1.61}
    newSize: {x: 2.25, y: 2.25}
    adaptiveTilingThreshold: 0.5
    drawMode: 0
    adaptiveTiling: 0
  m_AutoTiling: 0
  serializedVersion: 2
  m_Size: {x: 1.7879236, y: 1.6138382}
  m_EdgeRadius: 0
--- !u!212 &295863443
SpriteRenderer:
  m_ObjectHideFlags: 0
  m_PrefabParentObject: {fileID: 212098131533466064, guid: 6dee661d93a42144c855002f5c2988e9,
    type: 2}
  m_PrefabInternal: {fileID: 0}
  m_GameObject: {fileID: 295863436}
  m_Enabled: 1
  m_CastShadows: 0
  m_ReceiveShadows: 0
  m_DynamicOccludee: 1
  m_MotionVectors: 1
  m_LightProbeUsage: 1
  m_ReflectionProbeUsage: 1
  m_Materials:
  - {fileID: 10754, guid: 0000000000000000f000000000000000, type: 0}
  m_StaticBatchInfo:
    firstSubMesh: 0
    subMeshCount: 0
  m_StaticBatchRoot: {fileID: 0}
  m_ProbeAnchor: {fileID: 0}
  m_LightProbeVolumeOverride: {fileID: 0}
  m_ScaleInLightmap: 1
  m_PreserveUVs: 0
  m_IgnoreNormalsForChartDetection: 0
  m_ImportantGI: 0
  m_StitchLightmapSeams: 0
  m_SelectedEditorRenderState: 0
  m_MinimumChartSize: 4
  m_AutoUVMaxDistance: 0.5
  m_AutoUVMaxAngle: 89
  m_LightmapParameters: {fileID: 0}
  m_SortingLayerID: 0
  m_SortingLayer: 0
  m_SortingOrder: 0
  m_Sprite: {fileID: 21300000, guid: 2e334cf25bdf2c0479e4e9e75fe14036, type: 3}
  m_Color: {r: 1, g: 1, b: 1, a: 1}
  m_FlipX: 0
  m_FlipY: 0
  m_DrawMode: 0
  m_Size: {x: 2.25, y: 2.25}
  m_AdaptiveModeThreshold: 0.5
  m_SpriteTileMode: 0
  m_WasSpriteAssigned: 1
  m_MaskInteraction: 0
--- !u!1 &475770193
GameObject:
  m_ObjectHideFlags: 0
  m_PrefabParentObject: {fileID: 1048926867936284, guid: 6dee661d93a42144c855002f5c2988e9,
    type: 2}
  m_PrefabInternal: {fileID: 0}
  serializedVersion: 5
  m_Component:
  - component: {fileID: 475770194}
  - component: {fileID: 475770196}
  - component: {fileID: 475770195}
  m_Layer: 0
  m_Name: LightBlue_Bag
  m_TagString: Untagged
  m_Icon: {fileID: 0}
  m_NavMeshLayer: 0
  m_StaticEditorFlags: 0
  m_IsActive: 1
--- !u!4 &475770194
Transform:
  m_ObjectHideFlags: 0
  m_PrefabParentObject: {fileID: 4673925675927916, guid: 6dee661d93a42144c855002f5c2988e9,
    type: 2}
  m_PrefabInternal: {fileID: 0}
  m_GameObject: {fileID: 475770193}
  m_LocalRotation: {x: -0, y: -0, z: -0, w: 1}
  m_LocalPosition: {x: 0.11694944, y: -0.11, z: 0}
  m_LocalScale: {x: 1.1, y: 1.1, z: 1.1843367}
  m_Children: []
  m_Father: {fileID: 913426328}
  m_RootOrder: 0
  m_LocalEulerAnglesHint: {x: 0, y: 0, z: 0}
--- !u!68 &475770195
EdgeCollider2D:
  m_ObjectHideFlags: 0
  m_PrefabParentObject: {fileID: 68862310545587026, guid: 6dee661d93a42144c855002f5c2988e9,
    type: 2}
  m_PrefabInternal: {fileID: 0}
  m_GameObject: {fileID: 475770193}
  m_Enabled: 1
  m_Density: 1
  m_Material: {fileID: 0}
  m_IsTrigger: 0
  m_UsedByEffector: 0
  m_UsedByComposite: 0
  m_Offset: {x: 0, y: 0}
  m_EdgeRadius: 0
  m_Points:
  - {x: 0.9570214, y: 0.9558083}
  - {x: 1.1589907, y: 0.95809454}
  - {x: 1.162306, y: -0.9634268}
  - {x: -1.1614382, y: -0.9663821}
  - {x: -1.1536193, y: 0.9612575}
  - {x: -0.9280105, y: 0.96922696}
  - {x: -0.9221575, y: -0.7247797}
  - {x: 0.94720954, y: -0.7204644}
  - {x: 0.95243806, y: 0.95296115}
--- !u!212 &475770196
SpriteRenderer:
  m_ObjectHideFlags: 0
  m_PrefabParentObject: {fileID: 212888718630931902, guid: 6dee661d93a42144c855002f5c2988e9,
    type: 2}
  m_PrefabInternal: {fileID: 0}
  m_GameObject: {fileID: 475770193}
  m_Enabled: 1
  m_CastShadows: 0
  m_ReceiveShadows: 0
  m_DynamicOccludee: 1
  m_MotionVectors: 1
  m_LightProbeUsage: 1
  m_ReflectionProbeUsage: 1
  m_Materials:
  - {fileID: 10754, guid: 0000000000000000f000000000000000, type: 0}
  m_StaticBatchInfo:
    firstSubMesh: 0
    subMeshCount: 0
  m_StaticBatchRoot: {fileID: 0}
  m_ProbeAnchor: {fileID: 0}
  m_LightProbeVolumeOverride: {fileID: 0}
  m_ScaleInLightmap: 1
  m_PreserveUVs: 0
  m_IgnoreNormalsForChartDetection: 0
  m_ImportantGI: 0
  m_StitchLightmapSeams: 0
  m_SelectedEditorRenderState: 0
  m_MinimumChartSize: 4
  m_AutoUVMaxDistance: 0.5
  m_AutoUVMaxAngle: 89
  m_LightmapParameters: {fileID: 0}
  m_SortingLayerID: 0
  m_SortingLayer: 0
  m_SortingOrder: 0
  m_Sprite: {fileID: 21300000, guid: 3277f3c5ccea1ab4999df77bc749f5e7, type: 3}
  m_Color: {r: 1, g: 1, b: 1, a: 1}
  m_FlipX: 0
  m_FlipY: 0
  m_DrawMode: 0
  m_Size: {x: 2.31, y: 1.93}
  m_AdaptiveModeThreshold: 0.5
  m_SpriteTileMode: 0
  m_WasSpriteAssigned: 1
  m_MaskInteraction: 0
--- !u!1 &478475053
GameObject:
  m_ObjectHideFlags: 0
  m_PrefabParentObject: {fileID: 1211313827720834, guid: 6dee661d93a42144c855002f5c2988e9,
    type: 2}
  m_PrefabInternal: {fileID: 0}
  serializedVersion: 5
  m_Component:
  - component: {fileID: 478475054}
  m_Layer: 0
  m_Name: RedBox_With_Ball (1)
  m_TagString: Untagged
  m_Icon: {fileID: 0}
  m_NavMeshLayer: 0
  m_StaticEditorFlags: 0
  m_IsActive: 1
--- !u!4 &478475054
Transform:
  m_ObjectHideFlags: 0
  m_PrefabParentObject: {fileID: 4903987190570234, guid: 6dee661d93a42144c855002f5c2988e9,
    type: 2}
  m_PrefabInternal: {fileID: 0}
  m_GameObject: {fileID: 478475053}
  m_LocalRotation: {x: -0, y: -0, z: -0, w: 1}
  m_LocalPosition: {x: 17.059237, y: -0.89562607, z: -90}
  m_LocalScale: {x: 0.5, y: 0.5, z: 0.5}
  m_Children:
  - {fileID: 1614365897}
  - {fileID: 1389313391}
  m_Father: {fileID: 1444544700}
  m_RootOrder: 4
  m_LocalEulerAnglesHint: {x: 0, y: 0, z: 0}
--- !u!1 &561172383
GameObject:
  m_ObjectHideFlags: 0
  m_PrefabParentObject: {fileID: 0}
  m_PrefabInternal: {fileID: 0}
  serializedVersion: 5
  m_Component:
  - component: {fileID: 561172384}
  - component: {fileID: 561172386}
  - component: {fileID: 561172385}
  m_Layer: 5
  m_Name: Image
  m_TagString: Untagged
  m_Icon: {fileID: 0}
  m_NavMeshLayer: 0
  m_StaticEditorFlags: 0
  m_IsActive: 0
--- !u!224 &561172384
RectTransform:
  m_ObjectHideFlags: 0
  m_PrefabParentObject: {fileID: 0}
  m_PrefabInternal: {fileID: 0}
  m_GameObject: {fileID: 561172383}
  m_LocalRotation: {x: -0, y: -0, z: -0.9364102, w: 0.35090733}
  m_LocalPosition: {x: -655.99994, y: -57, z: 0}
  m_LocalScale: {x: 1, y: 1, z: 1}
  m_Children: []
  m_Father: {fileID: 786827573}
  m_RootOrder: 4
  m_LocalEulerAnglesHint: {x: 0, y: 0, z: -138.914}
  m_AnchorMin: {x: 0, y: 0.5}
  m_AnchorMax: {x: 0, y: 0.5}
  m_AnchoredPosition: {x: 304, y: -57}
  m_SizeDelta: {x: 180, y: 180}
  m_Pivot: {x: 0.5, y: 0.5}
--- !u!114 &561172385
MonoBehaviour:
  m_ObjectHideFlags: 0
  m_PrefabParentObject: {fileID: 0}
  m_PrefabInternal: {fileID: 0}
  m_GameObject: {fileID: 561172383}
  m_Enabled: 1
  m_EditorHideFlags: 0
  m_Script: {fileID: -765806418, guid: f70555f144d8491a825f0804e09c671c, type: 3}
  m_Name: 
  m_EditorClassIdentifier: 
  m_Material: {fileID: 0}
  m_Color: {r: 1, g: 1, b: 1, a: 1}
  m_RaycastTarget: 0
  m_OnCullStateChanged:
    m_PersistentCalls:
      m_Calls: []
    m_TypeName: UnityEngine.UI.MaskableGraphic+CullStateChangedEvent, UnityEngine.UI,
      Version=1.0.0.0, Culture=neutral, PublicKeyToken=null
  m_Sprite: {fileID: 21300000, guid: da65ad59ad811ba4bb6f31ce41f704eb, type: 3}
  m_Type: 0
  m_PreserveAspect: 1
  m_FillCenter: 1
  m_FillMethod: 4
  m_FillAmount: 1
  m_FillClockwise: 1
  m_FillOrigin: 0
--- !u!222 &561172386
CanvasRenderer:
  m_ObjectHideFlags: 0
  m_PrefabParentObject: {fileID: 0}
  m_PrefabInternal: {fileID: 0}
  m_GameObject: {fileID: 561172383}
--- !u!1 &622686477
GameObject:
  m_ObjectHideFlags: 0
  m_PrefabParentObject: {fileID: 0}
  m_PrefabInternal: {fileID: 0}
  serializedVersion: 5
  m_Component:
  - component: {fileID: 622686479}
  - component: {fileID: 622686480}
  - component: {fileID: 622686478}
  - component: {fileID: 622686481}
  m_Layer: 0
  m_Name: Scripts
  m_TagString: Untagged
  m_Icon: {fileID: 0}
  m_NavMeshLayer: 0
  m_StaticEditorFlags: 0
  m_IsActive: 1
--- !u!114 &622686478
MonoBehaviour:
  m_ObjectHideFlags: 0
  m_PrefabParentObject: {fileID: 0}
  m_PrefabInternal: {fileID: 0}
  m_GameObject: {fileID: 622686477}
  m_Enabled: 1
  m_EditorHideFlags: 0
  m_Script: {fileID: 11500000, guid: 4b3d66222f7a59241a6d5e2311be5c9d, type: 3}
  m_Name: 
  m_EditorClassIdentifier: 
  objName: red
  particles: {fileID: 1933788498472666, guid: e6c7b02bd0a4eae4e8117b4fa0ac59b3, type: 2}
--- !u!4 &622686479
Transform:
  m_ObjectHideFlags: 0
  m_PrefabParentObject: {fileID: 0}
  m_PrefabInternal: {fileID: 0}
  m_GameObject: {fileID: 622686477}
  m_LocalRotation: {x: 0, y: 0, z: 0, w: 1}
  m_LocalPosition: {x: 0, y: 0, z: 0}
  m_LocalScale: {x: 1, y: 1, z: 1}
  m_Children: []
  m_Father: {fileID: 0}
  m_RootOrder: 1
  m_LocalEulerAnglesHint: {x: 0, y: 0, z: 0}
--- !u!114 &622686480
MonoBehaviour:
  m_ObjectHideFlags: 0
  m_PrefabParentObject: {fileID: 0}
  m_PrefabInternal: {fileID: 0}
  m_GameObject: {fileID: 622686477}
  m_Enabled: 1
  m_EditorHideFlags: 0
  m_Script: {fileID: 11500000, guid: 33b9a2a4e96d0d143bf25d1f746fe478, type: 3}
  m_Name: 
  m_EditorClassIdentifier: 
  scoreText: {fileID: 786827571}
  currentscore: 1000
--- !u!114 &622686481
MonoBehaviour:
  m_ObjectHideFlags: 0
  m_PrefabParentObject: {fileID: 0}
  m_PrefabInternal: {fileID: 0}
  m_GameObject: {fileID: 622686477}
  m_Enabled: 1
  m_EditorHideFlags: 0
  m_Script: {fileID: 11500000, guid: a2f827e9e64d381419a23dcdd16804b0, type: 3}
  m_Name: 
  m_EditorClassIdentifier: 
  currentPlayer: {fileID: 1542283258}
  prefabPlayer: {fileID: 1244159917018294, guid: ed2cc4e4fa3a6184fbe8738792d5376a,
    type: 2}
  posPlayer: {fileID: 746567096}
  tagPlayer: Over
  objetos:
  - {fileID: 1880311979}
  - {fileID: 295863436}
  - {fileID: 1389313390}
--- !u!1 &746567095
GameObject:
  m_ObjectHideFlags: 0
  m_PrefabParentObject: {fileID: 1341728296828056, guid: ed2cc4e4fa3a6184fbe8738792d5376a,
    type: 2}
  m_PrefabInternal: {fileID: 0}
  serializedVersion: 5
  m_Component:
  - component: {fileID: 746567096}
  m_Layer: 0
  m_Name: PosMan
  m_TagString: Untagged
  m_Icon: {fileID: 0}
  m_NavMeshLayer: 0
  m_StaticEditorFlags: 0
  m_IsActive: 1
--- !u!4 &746567096
Transform:
  m_ObjectHideFlags: 0
  m_PrefabParentObject: {fileID: 4959098625381886, guid: ed2cc4e4fa3a6184fbe8738792d5376a,
    type: 2}
  m_PrefabInternal: {fileID: 0}
  m_GameObject: {fileID: 746567095}
  m_LocalRotation: {x: -0, y: -0, z: -0, w: 1}
  m_LocalPosition: {x: 11.059237, y: -3.415626, z: -90}
  m_LocalScale: {x: 0.8, y: 0.8, z: 0.8}
  m_Children: []
  m_Father: {fileID: 1444544700}
  m_RootOrder: 1
  m_LocalEulerAnglesHint: {x: 0, y: 0, z: 0}
--- !u!1001 &786827569
Prefab:
  m_ObjectHideFlags: 0
  serializedVersion: 2
  m_Modification:
    m_TransformParent: {fileID: 0}
    m_Modifications:
    - target: {fileID: 224627723801850652, guid: 650d839b329dc774cbd9d2c0ed016487,
        type: 2}
      propertyPath: m_LocalPosition.x
      value: 0
      objectReference: {fileID: 0}
    - target: {fileID: 224627723801850652, guid: 650d839b329dc774cbd9d2c0ed016487,
        type: 2}
      propertyPath: m_LocalPosition.y
      value: 0
      objectReference: {fileID: 0}
    - target: {fileID: 224627723801850652, guid: 650d839b329dc774cbd9d2c0ed016487,
        type: 2}
      propertyPath: m_LocalPosition.z
      value: 0
      objectReference: {fileID: 0}
    - target: {fileID: 224627723801850652, guid: 650d839b329dc774cbd9d2c0ed016487,
        type: 2}
      propertyPath: m_LocalRotation.x
      value: 0
      objectReference: {fileID: 0}
    - target: {fileID: 224627723801850652, guid: 650d839b329dc774cbd9d2c0ed016487,
        type: 2}
      propertyPath: m_LocalRotation.y
      value: 0
      objectReference: {fileID: 0}
    - target: {fileID: 224627723801850652, guid: 650d839b329dc774cbd9d2c0ed016487,
        type: 2}
      propertyPath: m_LocalRotation.z
      value: 0
      objectReference: {fileID: 0}
    - target: {fileID: 224627723801850652, guid: 650d839b329dc774cbd9d2c0ed016487,
        type: 2}
      propertyPath: m_LocalRotation.w
      value: 1
      objectReference: {fileID: 0}
    - target: {fileID: 224627723801850652, guid: 650d839b329dc774cbd9d2c0ed016487,
        type: 2}
      propertyPath: m_RootOrder
      value: 4
      objectReference: {fileID: 0}
    - target: {fileID: 224627723801850652, guid: 650d839b329dc774cbd9d2c0ed016487,
        type: 2}
      propertyPath: m_AnchoredPosition.x
      value: 0
      objectReference: {fileID: 0}
    - target: {fileID: 224627723801850652, guid: 650d839b329dc774cbd9d2c0ed016487,
        type: 2}
      propertyPath: m_AnchoredPosition.y
      value: 0
      objectReference: {fileID: 0}
    - target: {fileID: 224627723801850652, guid: 650d839b329dc774cbd9d2c0ed016487,
        type: 2}
      propertyPath: m_SizeDelta.x
      value: 0
      objectReference: {fileID: 0}
    - target: {fileID: 224627723801850652, guid: 650d839b329dc774cbd9d2c0ed016487,
        type: 2}
      propertyPath: m_SizeDelta.y
      value: 0
      objectReference: {fileID: 0}
    - target: {fileID: 224627723801850652, guid: 650d839b329dc774cbd9d2c0ed016487,
        type: 2}
      propertyPath: m_AnchorMin.x
      value: 0
      objectReference: {fileID: 0}
    - target: {fileID: 224627723801850652, guid: 650d839b329dc774cbd9d2c0ed016487,
        type: 2}
      propertyPath: m_AnchorMin.y
      value: 0
      objectReference: {fileID: 0}
    - target: {fileID: 224627723801850652, guid: 650d839b329dc774cbd9d2c0ed016487,
        type: 2}
      propertyPath: m_AnchorMax.x
      value: 0
      objectReference: {fileID: 0}
    - target: {fileID: 224627723801850652, guid: 650d839b329dc774cbd9d2c0ed016487,
        type: 2}
      propertyPath: m_AnchorMax.y
      value: 0
      objectReference: {fileID: 0}
    - target: {fileID: 224627723801850652, guid: 650d839b329dc774cbd9d2c0ed016487,
        type: 2}
      propertyPath: m_Pivot.x
      value: 0
      objectReference: {fileID: 0}
    - target: {fileID: 224627723801850652, guid: 650d839b329dc774cbd9d2c0ed016487,
        type: 2}
      propertyPath: m_Pivot.y
      value: 0
      objectReference: {fileID: 0}
    - target: {fileID: 223435187381670398, guid: 650d839b329dc774cbd9d2c0ed016487,
        type: 2}
      propertyPath: m_Camera
      value: 
      objectReference: {fileID: 2134603017}
    - target: {fileID: 114862245088734308, guid: 650d839b329dc774cbd9d2c0ed016487,
        type: 2}
      propertyPath: m_OnClick.m_PersistentCalls.m_Calls.Array.data[0].m_Target
      value: 
      objectReference: {fileID: 2134603016}
    - target: {fileID: 114312753302748552, guid: 650d839b329dc774cbd9d2c0ed016487,
        type: 2}
      propertyPath: m_OnClick.m_PersistentCalls.m_Calls.Array.data[0].m_Target
      value: 
      objectReference: {fileID: 2134603016}
    - target: {fileID: 114891077418250566, guid: 650d839b329dc774cbd9d2c0ed016487,
        type: 2}
      propertyPath: m_OnClick.m_PersistentCalls.m_Calls.Array.data[0].m_Target
      value: 
      objectReference: {fileID: 2134603016}
    - target: {fileID: 114188008939311202, guid: 650d839b329dc774cbd9d2c0ed016487,
        type: 2}
      propertyPath: myGame
      value: 
      objectReference: {fileID: 622686480}
    - target: {fileID: 114387664638966964, guid: 650d839b329dc774cbd9d2c0ed016487,
        type: 2}
      propertyPath: m_OnClick.m_PersistentCalls.m_Calls.Array.data[0].m_Target
      value: 
      objectReference: {fileID: 2134603016}
    - target: {fileID: 114387664638966964, guid: 650d839b329dc774cbd9d2c0ed016487,
        type: 2}
      propertyPath: m_OnClick.m_PersistentCalls.m_Calls.Array.data[0].m_MethodName
      value: LoadLevels
      objectReference: {fileID: 0}
    - target: {fileID: 114549627878504854, guid: 650d839b329dc774cbd9d2c0ed016487,
        type: 2}
      propertyPath: m_OnClick.m_PersistentCalls.m_Calls.Array.data[0].m_Target
      value: 
      objectReference: {fileID: 2134603016}
    - target: {fileID: 114549627878504854, guid: 650d839b329dc774cbd9d2c0ed016487,
        type: 2}
      propertyPath: m_OnClick.m_PersistentCalls.m_Calls.Array.data[0].m_MethodName
      value: Home
      objectReference: {fileID: 0}
    m_RemovedComponents: []
  m_ParentPrefab: {fileID: 100100000, guid: 650d839b329dc774cbd9d2c0ed016487, type: 2}
  m_IsPrefabParent: 0
--- !u!1 &786827570 stripped
GameObject:
  m_PrefabParentObject: {fileID: 1738136152962804, guid: 650d839b329dc774cbd9d2c0ed016487,
    type: 2}
  m_PrefabInternal: {fileID: 786827569}
--- !u!114 &786827571 stripped
MonoBehaviour:
  m_PrefabParentObject: {fileID: 114408245701521108, guid: 650d839b329dc774cbd9d2c0ed016487,
    type: 2}
  m_PrefabInternal: {fileID: 786827569}
  m_Script: {fileID: 708705254, guid: f5f67c52d1564df4a8936ccd202a3bd8, type: 3}
--- !u!1 &786827572 stripped
GameObject:
  m_PrefabParentObject: {fileID: 1493797757256576, guid: 650d839b329dc774cbd9d2c0ed016487,
    type: 2}
  m_PrefabInternal: {fileID: 786827569}
--- !u!224 &786827573 stripped
RectTransform:
  m_PrefabParentObject: {fileID: 224029061450188240, guid: 650d839b329dc774cbd9d2c0ed016487,
    type: 2}
  m_PrefabInternal: {fileID: 786827569}
--- !u!1 &913426327
GameObject:
  m_ObjectHideFlags: 0
  m_PrefabParentObject: {fileID: 1211313827720834, guid: 6dee661d93a42144c855002f5c2988e9,
    type: 2}
  m_PrefabInternal: {fileID: 0}
  serializedVersion: 5
  m_Component:
  - component: {fileID: 913426328}
  m_Layer: 0
  m_Name: RedBox_With_Ball
  m_TagString: Untagged
  m_Icon: {fileID: 0}
  m_NavMeshLayer: 0
  m_StaticEditorFlags: 0
  m_IsActive: 1
--- !u!4 &913426328
Transform:
  m_ObjectHideFlags: 0
  m_PrefabParentObject: {fileID: 4903987190570234, guid: 6dee661d93a42144c855002f5c2988e9,
    type: 2}
  m_PrefabInternal: {fileID: 0}
  m_GameObject: {fileID: 913426327}
  m_LocalRotation: {x: -0, y: -0, z: -0, w: 1}
  m_LocalPosition: {x: 5.0592365, y: -0.89562607, z: -90}
  m_LocalScale: {x: 0.5, y: 0.5, z: 0.5}
  m_Children:
  - {fileID: 475770194}
  - {fileID: 295863437}
  m_Father: {fileID: 1444544700}
  m_RootOrder: 3
  m_LocalEulerAnglesHint: {x: 0, y: 0, z: 0}
--- !u!1001 &982572657
Prefab:
  m_ObjectHideFlags: 0
  serializedVersion: 2
  m_Modification:
    m_TransformParent: {fileID: 1444544700}
    m_Modifications:
    - target: {fileID: 4959098625381886, guid: ed2cc4e4fa3a6184fbe8738792d5376a, type: 2}
      propertyPath: m_LocalPosition.x
      value: 11.059237
      objectReference: {fileID: 0}
    - target: {fileID: 4959098625381886, guid: ed2cc4e4fa3a6184fbe8738792d5376a, type: 2}
      propertyPath: m_LocalPosition.y
      value: -3.415626
      objectReference: {fileID: 0}
    - target: {fileID: 4959098625381886, guid: ed2cc4e4fa3a6184fbe8738792d5376a, type: 2}
      propertyPath: m_LocalPosition.z
      value: -90
      objectReference: {fileID: 0}
    - target: {fileID: 4959098625381886, guid: ed2cc4e4fa3a6184fbe8738792d5376a, type: 2}
      propertyPath: m_LocalRotation.x
      value: -0
      objectReference: {fileID: 0}
    - target: {fileID: 4959098625381886, guid: ed2cc4e4fa3a6184fbe8738792d5376a, type: 2}
      propertyPath: m_LocalRotation.y
      value: -0
      objectReference: {fileID: 0}
    - target: {fileID: 4959098625381886, guid: ed2cc4e4fa3a6184fbe8738792d5376a, type: 2}
      propertyPath: m_LocalRotation.z
      value: -0
      objectReference: {fileID: 0}
    - target: {fileID: 4959098625381886, guid: ed2cc4e4fa3a6184fbe8738792d5376a, type: 2}
      propertyPath: m_LocalRotation.w
      value: 1
      objectReference: {fileID: 0}
    - target: {fileID: 4959098625381886, guid: ed2cc4e4fa3a6184fbe8738792d5376a, type: 2}
      propertyPath: m_RootOrder
      value: 0
      objectReference: {fileID: 0}
    - target: {fileID: 1244159917018294, guid: ed2cc4e4fa3a6184fbe8738792d5376a, type: 2}
      propertyPath: m_TagString
      value: Over
      objectReference: {fileID: 0}
    - target: {fileID: 4912458449664052, guid: ed2cc4e4fa3a6184fbe8738792d5376a, type: 2}
      propertyPath: m_RootOrder
      value: 0
      objectReference: {fileID: 0}
    - target: {fileID: 1482393551237968, guid: ed2cc4e4fa3a6184fbe8738792d5376a, type: 2}
      propertyPath: m_TagString
      value: Over
      objectReference: {fileID: 0}
    - target: {fileID: 1482393551237968, guid: ed2cc4e4fa3a6184fbe8738792d5376a, type: 2}
      propertyPath: m_TagString
      value: Over
      objectReference: {fileID: 0}
    m_RemovedComponents: []
  m_ParentPrefab: {fileID: 100100000, guid: ed2cc4e4fa3a6184fbe8738792d5376a, type: 2}
  m_IsPrefabParent: 0
--- !u!4 &982572658 stripped
Transform:
  m_PrefabParentObject: {fileID: 4959098625381886, guid: ed2cc4e4fa3a6184fbe8738792d5376a,
    type: 2}
  m_PrefabInternal: {fileID: 982572657}
--- !u!1001 &1041643455
Prefab:
  m_ObjectHideFlags: 0
  serializedVersion: 2
  m_Modification:
    m_TransformParent: {fileID: 1444544700}
    m_Modifications:
    - target: {fileID: 4842702818132108, guid: 763f2df8c22917249960ffd3c1f9baca, type: 2}
      propertyPath: m_LocalPosition.x
      value: 11.059237
      objectReference: {fileID: 0}
    - target: {fileID: 4842702818132108, guid: 763f2df8c22917249960ffd3c1f9baca, type: 2}
      propertyPath: m_LocalPosition.y
      value: -1.5500131
      objectReference: {fileID: 0}
    - target: {fileID: 4842702818132108, guid: 763f2df8c22917249960ffd3c1f9baca, type: 2}
      propertyPath: m_LocalPosition.z
      value: -90
      objectReference: {fileID: 0}
    - target: {fileID: 4842702818132108, guid: 763f2df8c22917249960ffd3c1f9baca, type: 2}
      propertyPath: m_LocalRotation.x
      value: -0
      objectReference: {fileID: 0}
    - target: {fileID: 4842702818132108, guid: 763f2df8c22917249960ffd3c1f9baca, type: 2}
      propertyPath: m_LocalRotation.y
      value: -0
      objectReference: {fileID: 0}
    - target: {fileID: 4842702818132108, guid: 763f2df8c22917249960ffd3c1f9baca, type: 2}
      propertyPath: m_LocalRotation.z
      value: -0
      objectReference: {fileID: 0}
    - target: {fileID: 4842702818132108, guid: 763f2df8c22917249960ffd3c1f9baca, type: 2}
      propertyPath: m_LocalRotation.w
      value: 1
      objectReference: {fileID: 0}
    - target: {fileID: 4842702818132108, guid: 763f2df8c22917249960ffd3c1f9baca, type: 2}
      propertyPath: m_RootOrder
      value: 5
      objectReference: {fileID: 0}
    - target: {fileID: 233921881601380720, guid: 763f2df8c22917249960ffd3c1f9baca,
        type: 2}
      propertyPath: m_ConnectedAnchor.y
      value: 2.3320162
      objectReference: {fileID: 0}
    - target: {fileID: 232756152949480306, guid: 763f2df8c22917249960ffd3c1f9baca,
        type: 2}
      propertyPath: m_Distance
      value: 1.865613
      objectReference: {fileID: 0}
    - target: {fileID: 212293963198173548, guid: 763f2df8c22917249960ffd3c1f9baca,
        type: 2}
      propertyPath: m_Sprite
      value: 
      objectReference: {fileID: 21300000, guid: 34e9a10743a68754d9107940fa713c5d,
        type: 3}
    - target: {fileID: 1943914514365762, guid: 763f2df8c22917249960ffd3c1f9baca, type: 2}
      propertyPath: m_Name
      value: red
      objectReference: {fileID: 0}
    - target: {fileID: 114678861961840496, guid: 763f2df8c22917249960ffd3c1f9baca,
        type: 2}
      propertyPath: ConnectedObj
      value: 
      objectReference: {fileID: 1146334389}
    - target: {fileID: 232756152949480306, guid: 763f2df8c22917249960ffd3c1f9baca,
        type: 2}
      propertyPath: m_ConnectedRigidBody
      value: 
      objectReference: {fileID: 1146334391}
    - target: {fileID: 233921881601380720, guid: 763f2df8c22917249960ffd3c1f9baca,
        type: 2}
      propertyPath: m_ConnectedRigidBody
      value: 
      objectReference: {fileID: 1146334391}
    - target: {fileID: 114678861961840496, guid: 763f2df8c22917249960ffd3c1f9baca,
        type: 2}
      propertyPath: offSet.y
      value: -0.66
      objectReference: {fileID: 0}
    m_RemovedComponents: []
  m_ParentPrefab: {fileID: 100100000, guid: 763f2df8c22917249960ffd3c1f9baca, type: 2}
  m_IsPrefabParent: 0
--- !u!4 &1041643456 stripped
Transform:
  m_PrefabParentObject: {fileID: 4842702818132108, guid: 763f2df8c22917249960ffd3c1f9baca,
    type: 2}
  m_PrefabInternal: {fileID: 1041643455}
--- !u!4 &1146334389 stripped
Transform:
  m_PrefabParentObject: {fileID: 4912458449664052, guid: ed2cc4e4fa3a6184fbe8738792d5376a,
    type: 2}
  m_PrefabInternal: {fileID: 982572657}
--- !u!50 &1146334391 stripped
Rigidbody2D:
  m_PrefabParentObject: {fileID: 50073213506718518, guid: ed2cc4e4fa3a6184fbe8738792d5376a,
    type: 2}
  m_PrefabInternal: {fileID: 982572657}
--- !u!1001 &1183416230
Prefab:
  m_ObjectHideFlags: 0
  serializedVersion: 2
  m_Modification:
    m_TransformParent: {fileID: 1919210851}
    m_Modifications:
    - target: {fileID: 4147404577114896, guid: 93f4d722151f3fe4f99f8b4d38f7cae5, type: 2}
      propertyPath: m_LocalPosition.x
      value: 19.059237
      objectReference: {fileID: 0}
    - target: {fileID: 4147404577114896, guid: 93f4d722151f3fe4f99f8b4d38f7cae5, type: 2}
      propertyPath: m_LocalPosition.y
      value: -12.895626
      objectReference: {fileID: 0}
    - target: {fileID: 4147404577114896, guid: 93f4d722151f3fe4f99f8b4d38f7cae5, type: 2}
      propertyPath: m_LocalPosition.z
      value: -90
      objectReference: {fileID: 0}
    - target: {fileID: 4147404577114896, guid: 93f4d722151f3fe4f99f8b4d38f7cae5, type: 2}
      propertyPath: m_LocalRotation.x
      value: -0
      objectReference: {fileID: 0}
    - target: {fileID: 4147404577114896, guid: 93f4d722151f3fe4f99f8b4d38f7cae5, type: 2}
      propertyPath: m_LocalRotation.y
      value: -0
      objectReference: {fileID: 0}
    - target: {fileID: 4147404577114896, guid: 93f4d722151f3fe4f99f8b4d38f7cae5, type: 2}
      propertyPath: m_LocalRotation.z
      value: -0
      objectReference: {fileID: 0}
    - target: {fileID: 4147404577114896, guid: 93f4d722151f3fe4f99f8b4d38f7cae5, type: 2}
      propertyPath: m_LocalRotation.w
      value: 1
      objectReference: {fileID: 0}
    - target: {fileID: 4147404577114896, guid: 93f4d722151f3fe4f99f8b4d38f7cae5, type: 2}
      propertyPath: m_RootOrder
      value: 1
      objectReference: {fileID: 0}
    - target: {fileID: 1262643380763166, guid: 93f4d722151f3fe4f99f8b4d38f7cae5, type: 2}
      propertyPath: m_Name
      value: Base Abajo
      objectReference: {fileID: 0}
    m_RemovedComponents: []
  m_ParentPrefab: {fileID: 100100000, guid: 93f4d722151f3fe4f99f8b4d38f7cae5, type: 2}
  m_IsPrefabParent: 0
--- !u!4 &1183416231 stripped
Transform:
  m_PrefabParentObject: {fileID: 4147404577114896, guid: 93f4d722151f3fe4f99f8b4d38f7cae5,
    type: 2}
  m_PrefabInternal: {fileID: 1183416230}
--- !u!1 &1188247470
GameObject:
  m_ObjectHideFlags: 0
  m_PrefabParentObject: {fileID: 1262643380763166, guid: 93f4d722151f3fe4f99f8b4d38f7cae5,
    type: 2}
  m_PrefabInternal: {fileID: 0}
  serializedVersion: 5
  m_Component:
  - component: {fileID: 1188247471}
  - component: {fileID: 1188247474}
  - component: {fileID: 1188247473}
  - component: {fileID: 1188247472}
  m_Layer: 0
  m_Name: Salida Arriba
  m_TagString: Untagged
  m_Icon: {fileID: 0}
  m_NavMeshLayer: 0
  m_StaticEditorFlags: 0
  m_IsActive: 1
--- !u!4 &1188247471
Transform:
  m_ObjectHideFlags: 0
  m_PrefabParentObject: {fileID: 4147404577114896, guid: 93f4d722151f3fe4f99f8b4d38f7cae5,
    type: 2}
  m_PrefabInternal: {fileID: 0}
  m_GameObject: {fileID: 1188247470}
  m_LocalRotation: {x: -0, y: -0, z: -0, w: 1}
  m_LocalPosition: {x: 11.05, y: 1.1, z: -90}
  m_LocalScale: {x: 0.21449934, y: 0.79999995, z: 1}
  m_Children: []
  m_Father: {fileID: 1919210851}
  m_RootOrder: 8
  m_LocalEulerAnglesHint: {x: 0, y: 0, z: 0}
--- !u!114 &1188247472
MonoBehaviour:
  m_ObjectHideFlags: 0
  m_PrefabParentObject: {fileID: 0}
  m_PrefabInternal: {fileID: 0}
  m_GameObject: {fileID: 1188247470}
  m_Enabled: 1
  m_EditorHideFlags: 0
  m_Script: {fileID: 11500000, guid: cf1b2beb1e1cb614aa2b7f56b9eecfe8, type: 3}
  m_Name: 
  m_EditorClassIdentifier: 
  tagTarget: Over
  OnCollisionEnter:
    m_PersistentCalls:
      m_Calls: []
    m_TypeName: UnityEngine.Events.UnityEvent, UnityEngine.CoreModule, Version=0.0.0.0,
      Culture=neutral, PublicKeyToken=null
  OnTriggerEnter:
    m_PersistentCalls:
      m_Calls:
      - m_Target: {fileID: 1188247474}
        m_MethodName: set_enabled
        m_Mode: 6
        m_Arguments:
          m_ObjectArgument: {fileID: 0}
          m_ObjectArgumentAssemblyTypeName: UnityEngine.Object, UnityEngine
          m_IntArgument: 0
          m_FloatArgument: 0
          m_StringArgument: 
          m_BoolArgument: 1
        m_CallState: 2
      - m_Target: {fileID: 1188247473}
        m_MethodName: set_isTrigger
        m_Mode: 6
        m_Arguments:
          m_ObjectArgument: {fileID: 0}
          m_ObjectArgumentAssemblyTypeName: UnityEngine.Object, UnityEngine
          m_IntArgument: 0
          m_FloatArgument: 0
          m_StringArgument: 
          m_BoolArgument: 0
        m_CallState: 2
      - m_Target: {fileID: 2012263463}
        m_MethodName: set_isTrigger
        m_Mode: 6
        m_Arguments:
          m_ObjectArgument: {fileID: 0}
          m_ObjectArgumentAssemblyTypeName: UnityEngine.Object, UnityEngine
          m_IntArgument: 0
          m_FloatArgument: 0
          m_StringArgument: 
          m_BoolArgument: 1
        m_CallState: 2
      - m_Target: {fileID: 622686481}
        m_MethodName: ResetiarPosiciones
        m_Mode: 1
        m_Arguments:
          m_ObjectArgument: {fileID: 0}
          m_ObjectArgumentAssemblyTypeName: UnityEngine.Object, UnityEngine
          m_IntArgument: 0
          m_FloatArgument: 0
          m_StringArgument: 
          m_BoolArgument: 1
        m_CallState: 2
    m_TypeName: UnityEngine.Events.UnityEvent, UnityEngine.CoreModule, Version=0.0.0.0,
      Culture=neutral, PublicKeyToken=null
--- !u!61 &1188247473
BoxCollider2D:
  m_ObjectHideFlags: 0
  m_PrefabParentObject: {fileID: 0}
  m_PrefabInternal: {fileID: 0}
  m_GameObject: {fileID: 1188247470}
  m_Enabled: 1
  m_Density: 1
  m_Material: {fileID: 0}
  m_IsTrigger: 1
  m_UsedByEffector: 0
  m_UsedByComposite: 0
  m_Offset: {x: 0, y: 0}
  m_SpriteTilingProperty:
    border: {x: 0, y: 0, z: 0, w: 0}
    pivot: {x: 0.5, y: 0.5}
    oldSize: {x: 15.56, y: 1.42}
    newSize: {x: 15.56, y: 1.42}
    adaptiveTilingThreshold: 0.5
    drawMode: 0
    adaptiveTiling: 0
  m_AutoTiling: 0
  serializedVersion: 2
  m_Size: {x: 15.56, y: 1.42}
  m_EdgeRadius: 0
--- !u!212 &1188247474
SpriteRenderer:
  m_ObjectHideFlags: 0
  m_PrefabParentObject: {fileID: 0}
  m_PrefabInternal: {fileID: 0}
  m_GameObject: {fileID: 1188247470}
  m_Enabled: 0
  m_CastShadows: 0
  m_ReceiveShadows: 0
  m_DynamicOccludee: 1
  m_MotionVectors: 1
  m_LightProbeUsage: 1
  m_ReflectionProbeUsage: 1
  m_Materials:
  - {fileID: 10754, guid: 0000000000000000f000000000000000, type: 0}
  m_StaticBatchInfo:
    firstSubMesh: 0
    subMeshCount: 0
  m_StaticBatchRoot: {fileID: 0}
  m_ProbeAnchor: {fileID: 0}
  m_LightProbeVolumeOverride: {fileID: 0}
  m_ScaleInLightmap: 1
  m_PreserveUVs: 0
  m_IgnoreNormalsForChartDetection: 0
  m_ImportantGI: 0
  m_StitchLightmapSeams: 0
  m_SelectedEditorRenderState: 0
  m_MinimumChartSize: 4
  m_AutoUVMaxDistance: 0.5
  m_AutoUVMaxAngle: 89
  m_LightmapParameters: {fileID: 0}
  m_SortingLayerID: 0
  m_SortingLayer: 0
  m_SortingOrder: 0
  m_Sprite: {fileID: 21300000, guid: 3bfe37246c013e348859bfba2309a472, type: 3}
  m_Color: {r: 1, g: 1, b: 1, a: 1}
  m_FlipX: 0
  m_FlipY: 0
  m_DrawMode: 0
  m_Size: {x: 15.56, y: 1.42}
  m_AdaptiveModeThreshold: 0.5
  m_SpriteTileMode: 0
  m_WasSpriteAssigned: 1
  m_MaskInteraction: 0
--- !u!1001 &1226609992
Prefab:
  m_ObjectHideFlags: 0
  serializedVersion: 2
  m_Modification:
    m_TransformParent: {fileID: 1919210851}
    m_Modifications:
    - target: {fileID: 4147404577114896, guid: 93f4d722151f3fe4f99f8b4d38f7cae5, type: 2}
      propertyPath: m_LocalPosition.x
      value: 3.0592365
      objectReference: {fileID: 0}
    - target: {fileID: 4147404577114896, guid: 93f4d722151f3fe4f99f8b4d38f7cae5, type: 2}
      propertyPath: m_LocalPosition.y
      value: 1.1043739
      objectReference: {fileID: 0}
    - target: {fileID: 4147404577114896, guid: 93f4d722151f3fe4f99f8b4d38f7cae5, type: 2}
      propertyPath: m_LocalPosition.z
      value: -90
      objectReference: {fileID: 0}
    - target: {fileID: 4147404577114896, guid: 93f4d722151f3fe4f99f8b4d38f7cae5, type: 2}
      propertyPath: m_LocalRotation.x
      value: -0
      objectReference: {fileID: 0}
    - target: {fileID: 4147404577114896, guid: 93f4d722151f3fe4f99f8b4d38f7cae5, type: 2}
      propertyPath: m_LocalRotation.y
      value: -0
      objectReference: {fileID: 0}
    - target: {fileID: 4147404577114896, guid: 93f4d722151f3fe4f99f8b4d38f7cae5, type: 2}
      propertyPath: m_LocalRotation.z
      value: -0
      objectReference: {fileID: 0}
    - target: {fileID: 4147404577114896, guid: 93f4d722151f3fe4f99f8b4d38f7cae5, type: 2}
      propertyPath: m_LocalRotation.w
      value: 1
      objectReference: {fileID: 0}
    - target: {fileID: 4147404577114896, guid: 93f4d722151f3fe4f99f8b4d38f7cae5, type: 2}
      propertyPath: m_RootOrder
      value: 6
      objectReference: {fileID: 0}
    - target: {fileID: 1262643380763166, guid: 93f4d722151f3fe4f99f8b4d38f7cae5, type: 2}
      propertyPath: m_Name
      value: Base Arriba
      objectReference: {fileID: 0}
    m_RemovedComponents: []
  m_ParentPrefab: {fileID: 100100000, guid: 93f4d722151f3fe4f99f8b4d38f7cae5, type: 2}
  m_IsPrefabParent: 0
--- !u!4 &1226609993 stripped
Transform:
  m_PrefabParentObject: {fileID: 4147404577114896, guid: 93f4d722151f3fe4f99f8b4d38f7cae5,
    type: 2}
  m_PrefabInternal: {fileID: 1226609992}
--- !u!1001 &1246592145
Prefab:
  m_ObjectHideFlags: 0
  serializedVersion: 2
  m_Modification:
    m_TransformParent: {fileID: 1919210851}
    m_Modifications:
    - target: {fileID: 4147404577114896, guid: 93f4d722151f3fe4f99f8b4d38f7cae5, type: 2}
      propertyPath: m_LocalPosition.x
      value: -0.9407635
      objectReference: {fileID: 0}
    - target: {fileID: 4147404577114896, guid: 93f4d722151f3fe4f99f8b4d38f7cae5, type: 2}
      propertyPath: m_LocalPosition.y
      value: 2.104374
      objectReference: {fileID: 0}
    - target: {fileID: 4147404577114896, guid: 93f4d722151f3fe4f99f8b4d38f7cae5, type: 2}
      propertyPath: m_LocalPosition.z
      value: -90
      objectReference: {fileID: 0}
    - target: {fileID: 4147404577114896, guid: 93f4d722151f3fe4f99f8b4d38f7cae5, type: 2}
      propertyPath: m_LocalRotation.x
      value: -0
      objectReference: {fileID: 0}
    - target: {fileID: 4147404577114896, guid: 93f4d722151f3fe4f99f8b4d38f7cae5, type: 2}
      propertyPath: m_LocalRotation.y
      value: -0
      objectReference: {fileID: 0}
    - target: {fileID: 4147404577114896, guid: 93f4d722151f3fe4f99f8b4d38f7cae5, type: 2}
      propertyPath: m_LocalRotation.z
      value: -0.70684457
      objectReference: {fileID: 0}
    - target: {fileID: 4147404577114896, guid: 93f4d722151f3fe4f99f8b4d38f7cae5, type: 2}
      propertyPath: m_LocalRotation.w
      value: 0.7073689
      objectReference: {fileID: 0}
    - target: {fileID: 4147404577114896, guid: 93f4d722151f3fe4f99f8b4d38f7cae5, type: 2}
      propertyPath: m_RootOrder
      value: 4
      objectReference: {fileID: 0}
    - target: {fileID: 1262643380763166, guid: 93f4d722151f3fe4f99f8b4d38f7cae5, type: 2}
      propertyPath: m_Name
      value: Lados Arriba
      objectReference: {fileID: 0}
    - target: {fileID: 4147404577114896, guid: 93f4d722151f3fe4f99f8b4d38f7cae5, type: 2}
      propertyPath: m_LocalEulerAnglesHint.z
      value: -89.95801
      objectReference: {fileID: 0}
    - target: {fileID: 4147404577114896, guid: 93f4d722151f3fe4f99f8b4d38f7cae5, type: 2}
      propertyPath: m_LocalScale.x
      value: 0.80000013
      objectReference: {fileID: 0}
    - target: {fileID: 4147404577114896, guid: 93f4d722151f3fe4f99f8b4d38f7cae5, type: 2}
      propertyPath: m_LocalScale.y
      value: 0.80000013
      objectReference: {fileID: 0}
    m_RemovedComponents: []
  m_ParentPrefab: {fileID: 100100000, guid: 93f4d722151f3fe4f99f8b4d38f7cae5, type: 2}
  m_IsPrefabParent: 0
--- !u!4 &1246592146 stripped
Transform:
  m_PrefabParentObject: {fileID: 4147404577114896, guid: 93f4d722151f3fe4f99f8b4d38f7cae5,
    type: 2}
  m_PrefabInternal: {fileID: 1246592145}
--- !u!1 &1248661660
GameObject:
  m_ObjectHideFlags: 0
  m_PrefabParentObject: {fileID: 0}
  m_PrefabInternal: {fileID: 0}
  serializedVersion: 5
  m_Component:
  - component: {fileID: 1248661661}
  m_Layer: 0
  m_Name: Lucas Gabriel Bica
  m_TagString: Untagged
  m_Icon: {fileID: 0}
  m_NavMeshLayer: 0
  m_StaticEditorFlags: 0
  m_IsActive: 1
--- !u!4 &1248661661
Transform:
  m_ObjectHideFlags: 0
  m_PrefabParentObject: {fileID: 0}
  m_PrefabInternal: {fileID: 0}
  m_GameObject: {fileID: 1248661660}
  m_LocalRotation: {x: 0, y: 0, z: 0, w: 1}
  m_LocalPosition: {x: 0, y: 0, z: 0}
  m_LocalScale: {x: 1, y: 1, z: 1}
  m_Children: []
  m_Father: {fileID: 0}
  m_RootOrder: 0
  m_LocalEulerAnglesHint: {x: 0, y: 0, z: 0}
--- !u!1 &1251080646
GameObject:
  m_ObjectHideFlags: 0
  m_PrefabParentObject: {fileID: 1650934930957698, guid: 2c83a39f9826b1e4c8dc43c5d34a58c2,
    type: 2}
  m_PrefabInternal: {fileID: 0}
  serializedVersion: 5
  m_Component:
  - component: {fileID: 1251080649}
  - component: {fileID: 1251080648}
  - component: {fileID: 1251080647}
  - component: {fileID: 2134603016}
  m_Layer: 0
  m_Name: LightBlueBase (2)
  m_TagString: Over
  m_Icon: {fileID: 0}
  m_NavMeshLayer: 0
  m_StaticEditorFlags: 0
  m_IsActive: 1
--- !u!61 &1251080647
BoxCollider2D:
  m_ObjectHideFlags: 0
  m_PrefabParentObject: {fileID: 61862163715092682, guid: 2c83a39f9826b1e4c8dc43c5d34a58c2,
    type: 2}
  m_PrefabInternal: {fileID: 0}
  m_GameObject: {fileID: 1251080646}
  m_Enabled: 1
  m_Density: 1
  m_Material: {fileID: 0}
  m_IsTrigger: 1
  m_UsedByEffector: 0
  m_UsedByComposite: 0
  m_Offset: {x: 0, y: 0}
  m_SpriteTilingProperty:
    border: {x: 0, y: 0, z: 0, w: 0}
    pivot: {x: 0.5, y: 0.5}
    oldSize: {x: 15.56, y: 1.42}
    newSize: {x: 15.56, y: 1.42}
    adaptiveTilingThreshold: 0.5
    drawMode: 0
    adaptiveTiling: 0
  m_AutoTiling: 0
  serializedVersion: 2
  m_Size: {x: 1.04, y: 5.7}
  m_EdgeRadius: 0
--- !u!212 &1251080648
SpriteRenderer:
  m_ObjectHideFlags: 0
  m_PrefabParentObject: {fileID: 212670343784322156, guid: 2c83a39f9826b1e4c8dc43c5d34a58c2,
    type: 2}
  m_PrefabInternal: {fileID: 0}
  m_GameObject: {fileID: 1251080646}
  m_Enabled: 1
  m_CastShadows: 0
  m_ReceiveShadows: 0
  m_DynamicOccludee: 1
  m_MotionVectors: 1
  m_LightProbeUsage: 1
  m_ReflectionProbeUsage: 1
  m_Materials:
  - {fileID: 10754, guid: 0000000000000000f000000000000000, type: 0}
  m_StaticBatchInfo:
    firstSubMesh: 0
    subMeshCount: 0
  m_StaticBatchRoot: {fileID: 0}
  m_ProbeAnchor: {fileID: 0}
  m_LightProbeVolumeOverride: {fileID: 0}
  m_ScaleInLightmap: 1
  m_PreserveUVs: 0
  m_IgnoreNormalsForChartDetection: 0
  m_ImportantGI: 0
  m_StitchLightmapSeams: 0
  m_SelectedEditorRenderState: 0
  m_MinimumChartSize: 4
  m_AutoUVMaxDistance: 0.5
  m_AutoUVMaxAngle: 89
  m_LightmapParameters: {fileID: 0}
  m_SortingLayerID: 0
  m_SortingLayer: 0
  m_SortingOrder: 0
  m_Sprite: {fileID: 21300000, guid: 3bfe37246c013e348859bfba2309a472, type: 3}
  m_Color: {r: 1, g: 1, b: 1, a: 0}
  m_FlipX: 0
  m_FlipY: 0
  m_DrawMode: 0
  m_Size: {x: 15.56, y: 1.42}
  m_AdaptiveModeThreshold: 0.5
  m_SpriteTileMode: 0
  m_WasSpriteAssigned: 1
  m_MaskInteraction: 0
--- !u!4 &1251080649
Transform:
  m_ObjectHideFlags: 0
  m_PrefabParentObject: {fileID: 4373686611762988, guid: 2c83a39f9826b1e4c8dc43c5d34a58c2,
    type: 2}
  m_PrefabInternal: {fileID: 0}
  m_GameObject: {fileID: 1251080646}
  m_LocalRotation: {x: 0, y: 0, z: 0, w: 1}
  m_LocalPosition: {x: -13.26, y: 0.19, z: 0}
  m_LocalScale: {x: 1, y: 1, z: 1}
  m_Children: []
  m_Father: {fileID: 241344379}
  m_RootOrder: 0
  m_LocalEulerAnglesHint: {x: 0, y: 0, z: 0}
--- !u!1 &1263037831
GameObject:
  m_ObjectHideFlags: 0
  m_PrefabParentObject: {fileID: 1262643380763166, guid: 93f4d722151f3fe4f99f8b4d38f7cae5,
    type: 2}
  m_PrefabInternal: {fileID: 0}
  serializedVersion: 5
  m_Component:
  - component: {fileID: 1263037832}
  - component: {fileID: 1263037834}
  - component: {fileID: 1263037833}
  m_Layer: 0
  m_Name: Salida Izquierda
  m_TagString: Untagged
  m_Icon: {fileID: 0}
  m_NavMeshLayer: 0
  m_StaticEditorFlags: 0
  m_IsActive: 1
--- !u!4 &1263037832
Transform:
  m_ObjectHideFlags: 0
  m_PrefabParentObject: {fileID: 4147404577114896, guid: 93f4d722151f3fe4f99f8b4d38f7cae5,
    type: 2}
  m_PrefabInternal: {fileID: 0}
  m_GameObject: {fileID: 1263037831}
  m_LocalRotation: {x: -0, y: -0, z: 0.7071068, w: 0.7071068}
  m_LocalPosition: {x: -0.95, y: -5.9, z: -90}
  m_LocalScale: {x: 0.21450011, y: 0.8000004, z: 1}
  m_Children: []
  m_Father: {fileID: 1919210851}
  m_RootOrder: 11
  m_LocalEulerAnglesHint: {x: 0, y: 0, z: 90}
--- !u!61 &1263037833
BoxCollider2D:
  m_ObjectHideFlags: 0
  m_PrefabParentObject: {fileID: 0}
  m_PrefabInternal: {fileID: 0}
  m_GameObject: {fileID: 1263037831}
  m_Enabled: 1
  m_Density: 1
  m_Material: {fileID: 0}
  m_IsTrigger: 0
  m_UsedByEffector: 0
  m_UsedByComposite: 0
  m_Offset: {x: 0, y: 0}
  m_SpriteTilingProperty:
    border: {x: 0, y: 0, z: 0, w: 0}
    pivot: {x: 0.5, y: 0.5}
    oldSize: {x: 15.56, y: 1.42}
    newSize: {x: 15.56, y: 1.42}
    adaptiveTilingThreshold: 0.5
    drawMode: 0
    adaptiveTiling: 0
  m_AutoTiling: 0
  serializedVersion: 2
  m_Size: {x: 15.56, y: 1.42}
  m_EdgeRadius: 0
--- !u!212 &1263037834
SpriteRenderer:
  m_ObjectHideFlags: 0
  m_PrefabParentObject: {fileID: 0}
  m_PrefabInternal: {fileID: 0}
  m_GameObject: {fileID: 1263037831}
  m_Enabled: 0
  m_CastShadows: 0
  m_ReceiveShadows: 0
  m_DynamicOccludee: 1
  m_MotionVectors: 1
  m_LightProbeUsage: 1
  m_ReflectionProbeUsage: 1
  m_Materials:
  - {fileID: 10754, guid: 0000000000000000f000000000000000, type: 0}
  m_StaticBatchInfo:
    firstSubMesh: 0
    subMeshCount: 0
  m_StaticBatchRoot: {fileID: 0}
  m_ProbeAnchor: {fileID: 0}
  m_LightProbeVolumeOverride: {fileID: 0}
  m_ScaleInLightmap: 1
  m_PreserveUVs: 0
  m_IgnoreNormalsForChartDetection: 0
  m_ImportantGI: 0
  m_StitchLightmapSeams: 0
  m_SelectedEditorRenderState: 0
  m_MinimumChartSize: 4
  m_AutoUVMaxDistance: 0.5
  m_AutoUVMaxAngle: 89
  m_LightmapParameters: {fileID: 0}
  m_SortingLayerID: 0
  m_SortingLayer: 0
  m_SortingOrder: 0
  m_Sprite: {fileID: 21300000, guid: 3bfe37246c013e348859bfba2309a472, type: 3}
  m_Color: {r: 1, g: 1, b: 1, a: 1}
  m_FlipX: 0
  m_FlipY: 0
  m_DrawMode: 0
  m_Size: {x: 15.56, y: 1.42}
  m_AdaptiveModeThreshold: 0.5
  m_SpriteTileMode: 0
  m_WasSpriteAssigned: 1
  m_MaskInteraction: 0
--- !u!1 &1389313390
GameObject:
  m_ObjectHideFlags: 0
  m_PrefabParentObject: {fileID: 1376518232062976, guid: 6dee661d93a42144c855002f5c2988e9,
    type: 2}
  m_PrefabInternal: {fileID: 0}
  serializedVersion: 5
  m_Component:
  - component: {fileID: 1389313391}
  - component: {fileID: 1389313397}
  - component: {fileID: 1389313396}
  - component: {fileID: 1389313395}
  - component: {fileID: 1389313394}
  - component: {fileID: 1389313393}
  - component: {fileID: 1389313392}
  m_Layer: 0
  m_Name: red
  m_TagString: Untagged
  m_Icon: {fileID: 0}
  m_NavMeshLayer: 0
  m_StaticEditorFlags: 0
  m_IsActive: 1
--- !u!4 &1389313391
Transform:
  m_ObjectHideFlags: 0
  m_PrefabParentObject: {fileID: 4819913131261392, guid: 6dee661d93a42144c855002f5c2988e9,
    type: 2}
  m_PrefabInternal: {fileID: 0}
  m_GameObject: {fileID: 1389313390}
  m_LocalRotation: {x: -0, y: -0, z: -0, w: 1}
  m_LocalPosition: {x: 0.14, y: -0.02, z: 0}
  m_LocalScale: {x: 1, y: 1, z: 1}
  m_Children: []
  m_Father: {fileID: 478475054}
  m_RootOrder: 1
  m_LocalEulerAnglesHint: {x: 0, y: 0, z: 0}
--- !u!114 &1389313392
MonoBehaviour:
  m_ObjectHideFlags: 0
  m_PrefabParentObject: {fileID: 114266693748902634, guid: 6dee661d93a42144c855002f5c2988e9,
    type: 2}
  m_PrefabInternal: {fileID: 0}
  m_GameObject: {fileID: 1389313390}
  m_Enabled: 1
  m_EditorHideFlags: 0
  m_Script: {fileID: 11500000, guid: fb65aac13b8e8594f83079c046b24b49, type: 3}
  m_Name: 
  m_EditorClassIdentifier: 
  ConnectedObj: {fileID: 1146334389}
  offSet: {x: 0, y: 0}
--- !u!120 &1389313393
LineRenderer:
  m_ObjectHideFlags: 0
  m_PrefabParentObject: {fileID: 120470088880204224, guid: 6dee661d93a42144c855002f5c2988e9,
    type: 2}
  m_PrefabInternal: {fileID: 0}
  m_GameObject: {fileID: 1389313390}
  m_Enabled: 1
  m_CastShadows: 1
  m_ReceiveShadows: 1
  m_DynamicOccludee: 1
  m_MotionVectors: 1
  m_LightProbeUsage: 0
  m_ReflectionProbeUsage: 0
  m_Materials:
  - {fileID: 2100000, guid: 6cdc93452943250439b1352e90a15627, type: 2}
  m_StaticBatchInfo:
    firstSubMesh: 0
    subMeshCount: 0
  m_StaticBatchRoot: {fileID: 0}
  m_ProbeAnchor: {fileID: 0}
  m_LightProbeVolumeOverride: {fileID: 0}
  m_ScaleInLightmap: 1
  m_PreserveUVs: 0
  m_IgnoreNormalsForChartDetection: 0
  m_ImportantGI: 0
  m_StitchLightmapSeams: 0
  m_SelectedEditorRenderState: 3
  m_MinimumChartSize: 4
  m_AutoUVMaxDistance: 0.5
  m_AutoUVMaxAngle: 89
  m_LightmapParameters: {fileID: 0}
  m_SortingLayerID: 0
  m_SortingLayer: 0
  m_SortingOrder: 0
  m_Positions:
  - {x: 0, y: 0, z: 0}
  - {x: 0, y: 0, z: 1}
  m_Parameters:
    serializedVersion: 2
    widthMultiplier: 1
    widthCurve:
      serializedVersion: 2
      m_Curve:
      - serializedVersion: 2
        time: 0.0000019073486
        value: 0.042549133
        inSlope: 0
        outSlope: 0
        tangentMode: 0
      m_PreInfinity: 2
      m_PostInfinity: 2
      m_RotationOrder: 0
    colorGradient:
      serializedVersion: 2
      key0: {r: 1, g: 1, b: 1, a: 1}
      key1: {r: 1, g: 1, b: 1, a: 1}
      key2: {r: 0, g: 0, b: 0, a: 0}
      key3: {r: 0, g: 0, b: 0, a: 0}
      key4: {r: 0, g: 0, b: 0, a: 0}
      key5: {r: 0, g: 0, b: 0, a: 0}
      key6: {r: 0, g: 0, b: 0, a: 0}
      key7: {r: 0, g: 0, b: 0, a: 0}
      ctime0: 0
      ctime1: 65535
      ctime2: 0
      ctime3: 0
      ctime4: 0
      ctime5: 0
      ctime6: 0
      ctime7: 0
      atime0: 0
      atime1: 65535
      atime2: 0
      atime3: 0
      atime4: 0
      atime5: 0
      atime6: 0
      atime7: 0
      m_Mode: 0
      m_NumColorKeys: 2
      m_NumAlphaKeys: 2
    numCornerVertices: 0
    numCapVertices: 0
    alignment: 0
    textureMode: 0
    generateLightingData: 0
  m_UseWorldSpace: 1
  m_Loop: 0
--- !u!233 &1389313394
HingeJoint2D:
  m_ObjectHideFlags: 0
  m_PrefabParentObject: {fileID: 233698082644402854, guid: 6dee661d93a42144c855002f5c2988e9,
    type: 2}
  m_PrefabInternal: {fileID: 0}
  m_GameObject: {fileID: 1389313390}
  m_Enabled: 1
  serializedVersion: 4
  m_EnableCollision: 0
  m_ConnectedRigidBody: {fileID: 1146334391}
  m_BreakForce: Infinity
  m_BreakTorque: Infinity
  m_AutoConfigureConnectedAnchor: 1
  m_Anchor: {x: 0, y: 0}
  m_ConnectedAnchor: {x: 7.5874996, y: 3.1374996}
  m_UseMotor: 0
  m_Motor:
    m_MotorSpeed: 0
    m_MaximumMotorForce: 10000
  m_UseLimits: 0
  m_AngleLimits:
    m_LowerAngle: 0
    m_UpperAngle: 359
--- !u!50 &1389313395
Rigidbody2D:
  serializedVersion: 4
  m_ObjectHideFlags: 0
  m_PrefabParentObject: {fileID: 50887086542704120, guid: 6dee661d93a42144c855002f5c2988e9,
    type: 2}
  m_PrefabInternal: {fileID: 0}
  m_GameObject: {fileID: 1389313390}
  m_BodyType: 0
  m_Simulated: 1
  m_UseFullKinematicContacts: 0
  m_UseAutoMass: 0
  m_Mass: 1
  m_LinearDrag: 0
  m_AngularDrag: 0.05
  m_GravityScale: 1
  m_Material: {fileID: 0}
  m_Interpolate: 0
  m_SleepingMode: 1
  m_CollisionDetection: 0
  m_Constraints: 0
--- !u!61 &1389313396
BoxCollider2D:
  m_ObjectHideFlags: 0
  m_PrefabParentObject: {fileID: 61301930640668948, guid: 6dee661d93a42144c855002f5c2988e9,
    type: 2}
  m_PrefabInternal: {fileID: 0}
  m_GameObject: {fileID: 1389313390}
  m_Enabled: 1
  m_Density: 1
  m_Material: {fileID: 0}
  m_IsTrigger: 0
  m_UsedByEffector: 0
  m_UsedByComposite: 0
  m_Offset: {x: 0, y: 0.013440132}
  m_SpriteTilingProperty:
    border: {x: 0, y: 0, z: 0, w: 0}
    pivot: {x: 0.5, y: 0.5}
    oldSize: {x: 1.75, y: 1.61}
    newSize: {x: 2.25, y: 2.25}
    adaptiveTilingThreshold: 0.5
    drawMode: 0
    adaptiveTiling: 0
  m_AutoTiling: 0
  serializedVersion: 2
  m_Size: {x: 1.7879236, y: 1.6138382}
  m_EdgeRadius: 0
--- !u!212 &1389313397
SpriteRenderer:
  m_ObjectHideFlags: 0
  m_PrefabParentObject: {fileID: 212098131533466064, guid: 6dee661d93a42144c855002f5c2988e9,
    type: 2}
  m_PrefabInternal: {fileID: 0}
  m_GameObject: {fileID: 1389313390}
  m_Enabled: 1
  m_CastShadows: 0
  m_ReceiveShadows: 0
  m_DynamicOccludee: 1
  m_MotionVectors: 1
  m_LightProbeUsage: 1
  m_ReflectionProbeUsage: 1
  m_Materials:
  - {fileID: 10754, guid: 0000000000000000f000000000000000, type: 0}
  m_StaticBatchInfo:
    firstSubMesh: 0
    subMeshCount: 0
  m_StaticBatchRoot: {fileID: 0}
  m_ProbeAnchor: {fileID: 0}
  m_LightProbeVolumeOverride: {fileID: 0}
  m_ScaleInLightmap: 1
  m_PreserveUVs: 0
  m_IgnoreNormalsForChartDetection: 0
  m_ImportantGI: 0
  m_StitchLightmapSeams: 0
  m_SelectedEditorRenderState: 0
  m_MinimumChartSize: 4
  m_AutoUVMaxDistance: 0.5
  m_AutoUVMaxAngle: 89
  m_LightmapParameters: {fileID: 0}
  m_SortingLayerID: 0
  m_SortingLayer: 0
  m_SortingOrder: 0
  m_Sprite: {fileID: 21300000, guid: 2e334cf25bdf2c0479e4e9e75fe14036, type: 3}
  m_Color: {r: 1, g: 1, b: 1, a: 1}
  m_FlipX: 0
  m_FlipY: 0
  m_DrawMode: 0
  m_Size: {x: 2.25, y: 2.25}
  m_AdaptiveModeThreshold: 0.5
  m_SpriteTileMode: 0
  m_WasSpriteAssigned: 1
  m_MaskInteraction: 0
--- !u!1001 &1390438437
Prefab:
  m_ObjectHideFlags: 0
  serializedVersion: 2
  m_Modification:
    m_TransformParent: {fileID: 1919210851}
    m_Modifications:
    - target: {fileID: 4147404577114896, guid: 93f4d722151f3fe4f99f8b4d38f7cae5, type: 2}
      propertyPath: m_LocalPosition.x
      value: 23.059237
      objectReference: {fileID: 0}
    - target: {fileID: 4147404577114896, guid: 93f4d722151f3fe4f99f8b4d38f7cae5, type: 2}
      propertyPath: m_LocalPosition.y
      value: -13.895626
      objectReference: {fileID: 0}
    - target: {fileID: 4147404577114896, guid: 93f4d722151f3fe4f99f8b4d38f7cae5, type: 2}
      propertyPath: m_LocalPosition.z
      value: -90
      objectReference: {fileID: 0}
    - target: {fileID: 4147404577114896, guid: 93f4d722151f3fe4f99f8b4d38f7cae5, type: 2}
      propertyPath: m_LocalRotation.x
      value: -0
      objectReference: {fileID: 0}
    - target: {fileID: 4147404577114896, guid: 93f4d722151f3fe4f99f8b4d38f7cae5, type: 2}
      propertyPath: m_LocalRotation.y
      value: -0
      objectReference: {fileID: 0}
    - target: {fileID: 4147404577114896, guid: 93f4d722151f3fe4f99f8b4d38f7cae5, type: 2}
      propertyPath: m_LocalRotation.z
      value: -0.70684457
      objectReference: {fileID: 0}
    - target: {fileID: 4147404577114896, guid: 93f4d722151f3fe4f99f8b4d38f7cae5, type: 2}
      propertyPath: m_LocalRotation.w
      value: 0.7073689
      objectReference: {fileID: 0}
    - target: {fileID: 4147404577114896, guid: 93f4d722151f3fe4f99f8b4d38f7cae5, type: 2}
      propertyPath: m_RootOrder
      value: 3
      objectReference: {fileID: 0}
    - target: {fileID: 1262643380763166, guid: 93f4d722151f3fe4f99f8b4d38f7cae5, type: 2}
      propertyPath: m_Name
      value: Lados Abajo
      objectReference: {fileID: 0}
    - target: {fileID: 4147404577114896, guid: 93f4d722151f3fe4f99f8b4d38f7cae5, type: 2}
      propertyPath: m_LocalEulerAnglesHint.z
      value: -89.95801
      objectReference: {fileID: 0}
    - target: {fileID: 4147404577114896, guid: 93f4d722151f3fe4f99f8b4d38f7cae5, type: 2}
      propertyPath: m_LocalScale.x
      value: 0.80000013
      objectReference: {fileID: 0}
    - target: {fileID: 4147404577114896, guid: 93f4d722151f3fe4f99f8b4d38f7cae5, type: 2}
      propertyPath: m_LocalScale.y
      value: 0.80000013
      objectReference: {fileID: 0}
    m_RemovedComponents: []
  m_ParentPrefab: {fileID: 100100000, guid: 93f4d722151f3fe4f99f8b4d38f7cae5, type: 2}
  m_IsPrefabParent: 0
--- !u!4 &1390438438 stripped
Transform:
  m_PrefabParentObject: {fileID: 4147404577114896, guid: 93f4d722151f3fe4f99f8b4d38f7cae5,
    type: 2}
  m_PrefabInternal: {fileID: 1390438437}
--- !u!1 &1444544699
GameObject:
  m_ObjectHideFlags: 0
  m_PrefabParentObject: {fileID: 0}
  m_PrefabInternal: {fileID: 0}
  serializedVersion: 5
  m_Component:
  - component: {fileID: 1444544700}
  m_Layer: 0
  m_Name: All
  m_TagString: Untagged
  m_Icon: {fileID: 0}
  m_NavMeshLayer: 0
  m_StaticEditorFlags: 0
  m_IsActive: 1
--- !u!4 &1444544700
Transform:
  m_ObjectHideFlags: 0
  m_PrefabParentObject: {fileID: 0}
  m_PrefabInternal: {fileID: 0}
  m_GameObject: {fileID: 1444544699}
  m_LocalRotation: {x: 0, y: 0, z: 0, w: 1}
  m_LocalPosition: {x: -11.059237, y: 5.895626, z: 90}
  m_LocalScale: {x: 1, y: 1, z: 1}
  m_Children:
  - {fileID: 982572658}
  - {fileID: 746567096}
  - {fileID: 1919210851}
  - {fileID: 913426328}
  - {fileID: 478475054}
  - {fileID: 1041643456}
  m_Father: {fileID: 0}
  m_RootOrder: 5
  m_LocalEulerAnglesHint: {x: 0, y: 0, z: 0}
--- !u!1 &1517917201
GameObject:
  m_ObjectHideFlags: 0
  m_PrefabParentObject: {fileID: 1600516803111968, guid: 2c83a39f9826b1e4c8dc43c5d34a58c2,
    type: 2}
  m_PrefabInternal: {fileID: 0}
  serializedVersion: 5
  m_Component:
  - component: {fileID: 1517917205}
  - component: {fileID: 2134603017}
  - component: {fileID: 1517917204}
  - component: {fileID: 1517917203}
  - component: {fileID: 1517917202}
  m_Layer: 0
  m_Name: Main Camera
  m_TagString: MainCamera
  m_Icon: {fileID: 0}
  m_NavMeshLayer: 0
  m_StaticEditorFlags: 0
  m_IsActive: 1
--- !u!81 &1517917202
AudioListener:
  m_ObjectHideFlags: 0
  m_PrefabParentObject: {fileID: 81470688723946712, guid: 2c83a39f9826b1e4c8dc43c5d34a58c2,
    type: 2}
  m_PrefabInternal: {fileID: 0}
  m_GameObject: {fileID: 1517917201}
  m_Enabled: 1
--- !u!124 &1517917203
Behaviour:
  m_ObjectHideFlags: 0
  m_PrefabParentObject: {fileID: 124421529754049864, guid: 2c83a39f9826b1e4c8dc43c5d34a58c2,
    type: 2}
  m_PrefabInternal: {fileID: 0}
  m_GameObject: {fileID: 1517917201}
  m_Enabled: 1
--- !u!92 &1517917204
Behaviour:
  m_ObjectHideFlags: 0
  m_PrefabParentObject: {fileID: 92383652864133366, guid: 2c83a39f9826b1e4c8dc43c5d34a58c2,
    type: 2}
  m_PrefabInternal: {fileID: 0}
  m_GameObject: {fileID: 1517917201}
  m_Enabled: 1
--- !u!4 &1517917205
Transform:
  m_ObjectHideFlags: 0
  m_PrefabParentObject: {fileID: 4524172403706532, guid: 2c83a39f9826b1e4c8dc43c5d34a58c2,
    type: 2}
  m_PrefabInternal: {fileID: 0}
  m_GameObject: {fileID: 1517917201}
  m_LocalRotation: {x: 0, y: 0, z: 0, w: 1}
  m_LocalPosition: {x: 0, y: 0, z: -10}
  m_LocalScale: {x: 1, y: 1, z: 1}
  m_Children: []
  m_Father: {fileID: 0}
  m_RootOrder: 2
  m_LocalEulerAnglesHint: {x: 0, y: 0, z: 0}
--- !u!1 &1542283258 stripped
GameObject:
  m_PrefabParentObject: {fileID: 1244159917018294, guid: ed2cc4e4fa3a6184fbe8738792d5376a,
    type: 2}
  m_PrefabInternal: {fileID: 982572657}
--- !u!1 &1614365896
GameObject:
  m_ObjectHideFlags: 0
  m_PrefabParentObject: {fileID: 1048926867936284, guid: 6dee661d93a42144c855002f5c2988e9,
    type: 2}
  m_PrefabInternal: {fileID: 0}
  serializedVersion: 5
  m_Component:
  - component: {fileID: 1614365897}
  - component: {fileID: 1614365899}
  - component: {fileID: 1614365898}
  m_Layer: 0
  m_Name: LightBlue_Bag
  m_TagString: Untagged
  m_Icon: {fileID: 0}
  m_NavMeshLayer: 0
  m_StaticEditorFlags: 0
  m_IsActive: 1
--- !u!4 &1614365897
Transform:
  m_ObjectHideFlags: 0
  m_PrefabParentObject: {fileID: 4673925675927916, guid: 6dee661d93a42144c855002f5c2988e9,
    type: 2}
  m_PrefabInternal: {fileID: 0}
  m_GameObject: {fileID: 1614365896}
  m_LocalRotation: {x: -0, y: -0, z: -0, w: 1}
  m_LocalPosition: {x: 0.11694944, y: -0.11, z: 0}
  m_LocalScale: {x: 1.1, y: 1.1, z: 1.1843367}
  m_Children: []
  m_Father: {fileID: 478475054}
  m_RootOrder: 0
  m_LocalEulerAnglesHint: {x: 0, y: 0, z: 0}
--- !u!68 &1614365898
EdgeCollider2D:
  m_ObjectHideFlags: 0
  m_PrefabParentObject: {fileID: 68862310545587026, guid: 6dee661d93a42144c855002f5c2988e9,
    type: 2}
  m_PrefabInternal: {fileID: 0}
  m_GameObject: {fileID: 1614365896}
  m_Enabled: 1
  m_Density: 1
  m_Material: {fileID: 0}
  m_IsTrigger: 0
  m_UsedByEffector: 0
  m_UsedByComposite: 0
  m_Offset: {x: 0, y: 0}
  m_EdgeRadius: 0
  m_Points:
  - {x: 0.95549655, y: 0.95580846}
  - {x: 1.1589907, y: 0.95809454}
  - {x: 1.162306, y: -0.9634268}
  - {x: -1.1614382, y: -0.9663821}
  - {x: -1.1536193, y: 0.9612575}
  - {x: -0.9280105, y: 0.96922696}
  - {x: -0.9221575, y: -0.7247797}
  - {x: 0.94720954, y: -0.7204644}
  - {x: 0.95243806, y: 0.95296115}
--- !u!212 &1614365899
SpriteRenderer:
  m_ObjectHideFlags: 0
  m_PrefabParentObject: {fileID: 212888718630931902, guid: 6dee661d93a42144c855002f5c2988e9,
    type: 2}
  m_PrefabInternal: {fileID: 0}
  m_GameObject: {fileID: 1614365896}
  m_Enabled: 1
  m_CastShadows: 0
  m_ReceiveShadows: 0
  m_DynamicOccludee: 1
  m_MotionVectors: 1
  m_LightProbeUsage: 1
  m_ReflectionProbeUsage: 1
  m_Materials:
  - {fileID: 10754, guid: 0000000000000000f000000000000000, type: 0}
  m_StaticBatchInfo:
    firstSubMesh: 0
    subMeshCount: 0
  m_StaticBatchRoot: {fileID: 0}
  m_ProbeAnchor: {fileID: 0}
  m_LightProbeVolumeOverride: {fileID: 0}
  m_ScaleInLightmap: 1
  m_PreserveUVs: 0
  m_IgnoreNormalsForChartDetection: 0
  m_ImportantGI: 0
  m_StitchLightmapSeams: 0
  m_SelectedEditorRenderState: 0
  m_MinimumChartSize: 4
  m_AutoUVMaxDistance: 0.5
  m_AutoUVMaxAngle: 89
  m_LightmapParameters: {fileID: 0}
  m_SortingLayerID: 0
  m_SortingLayer: 0
  m_SortingOrder: 0
  m_Sprite: {fileID: 21300000, guid: 3277f3c5ccea1ab4999df77bc749f5e7, type: 3}
  m_Color: {r: 1, g: 1, b: 1, a: 1}
  m_FlipX: 0
  m_FlipY: 0
  m_DrawMode: 0
  m_Size: {x: 2.31, y: 1.93}
  m_AdaptiveModeThreshold: 0.5
  m_SpriteTileMode: 0
  m_WasSpriteAssigned: 1
  m_MaskInteraction: 0
--- !u!1001 &1633358359
Prefab:
  m_ObjectHideFlags: 0
  serializedVersion: 2
  m_Modification:
    m_TransformParent: {fileID: 1919210851}
    m_Modifications:
    - target: {fileID: 4147404577114896, guid: 93f4d722151f3fe4f99f8b4d38f7cae5, type: 2}
      propertyPath: m_LocalPosition.x
      value: 23.059237
      objectReference: {fileID: 0}
    - target: {fileID: 4147404577114896, guid: 93f4d722151f3fe4f99f8b4d38f7cae5, type: 2}
      propertyPath: m_LocalPosition.y
      value: 2.104374
      objectReference: {fileID: 0}
    - target: {fileID: 4147404577114896, guid: 93f4d722151f3fe4f99f8b4d38f7cae5, type: 2}
      propertyPath: m_LocalPosition.z
      value: -90
      objectReference: {fileID: 0}
    - target: {fileID: 4147404577114896, guid: 93f4d722151f3fe4f99f8b4d38f7cae5, type: 2}
      propertyPath: m_LocalRotation.x
      value: -0
      objectReference: {fileID: 0}
    - target: {fileID: 4147404577114896, guid: 93f4d722151f3fe4f99f8b4d38f7cae5, type: 2}
      propertyPath: m_LocalRotation.y
      value: -0
      objectReference: {fileID: 0}
    - target: {fileID: 4147404577114896, guid: 93f4d722151f3fe4f99f8b4d38f7cae5, type: 2}
      propertyPath: m_LocalRotation.z
      value: -0.70684457
      objectReference: {fileID: 0}
    - target: {fileID: 4147404577114896, guid: 93f4d722151f3fe4f99f8b4d38f7cae5, type: 2}
      propertyPath: m_LocalRotation.w
      value: 0.7073689
      objectReference: {fileID: 0}
    - target: {fileID: 4147404577114896, guid: 93f4d722151f3fe4f99f8b4d38f7cae5, type: 2}
      propertyPath: m_RootOrder
      value: 5
      objectReference: {fileID: 0}
    - target: {fileID: 1262643380763166, guid: 93f4d722151f3fe4f99f8b4d38f7cae5, type: 2}
      propertyPath: m_Name
      value: Lados Arriba
      objectReference: {fileID: 0}
    - target: {fileID: 4147404577114896, guid: 93f4d722151f3fe4f99f8b4d38f7cae5, type: 2}
      propertyPath: m_LocalEulerAnglesHint.z
      value: -89.95801
      objectReference: {fileID: 0}
    - target: {fileID: 4147404577114896, guid: 93f4d722151f3fe4f99f8b4d38f7cae5, type: 2}
      propertyPath: m_LocalScale.x
      value: 0.80000013
      objectReference: {fileID: 0}
    - target: {fileID: 4147404577114896, guid: 93f4d722151f3fe4f99f8b4d38f7cae5, type: 2}
      propertyPath: m_LocalScale.y
      value: 0.80000013
      objectReference: {fileID: 0}
    m_RemovedComponents: []
  m_ParentPrefab: {fileID: 100100000, guid: 93f4d722151f3fe4f99f8b4d38f7cae5, type: 2}
  m_IsPrefabParent: 0
--- !u!4 &1633358360 stripped
Transform:
  m_PrefabParentObject: {fileID: 4147404577114896, guid: 93f4d722151f3fe4f99f8b4d38f7cae5,
    type: 2}
  m_PrefabInternal: {fileID: 1633358359}
--- !u!1 &1725127142
GameObject:
  m_ObjectHideFlags: 0
  m_PrefabParentObject: {fileID: 1262643380763166, guid: 93f4d722151f3fe4f99f8b4d38f7cae5,
    type: 2}
  m_PrefabInternal: {fileID: 0}
  serializedVersion: 5
  m_Component:
  - component: {fileID: 1725127143}
  - component: {fileID: 1725127145}
  - component: {fileID: 1725127144}
  - component: {fileID: 1725127146}
  m_Layer: 0
  m_Name: Salida Derecha
  m_TagString: Untagged
  m_Icon: {fileID: 0}
  m_NavMeshLayer: 0
  m_StaticEditorFlags: 0
  m_IsActive: 1
--- !u!4 &1725127143
Transform:
  m_ObjectHideFlags: 0
  m_PrefabParentObject: {fileID: 4147404577114896, guid: 93f4d722151f3fe4f99f8b4d38f7cae5,
    type: 2}
  m_PrefabInternal: {fileID: 0}
  m_GameObject: {fileID: 1725127142}
  m_LocalRotation: {x: 0, y: 0, z: 0.7071068, w: 0.7071068}
  m_LocalPosition: {x: 23.05, y: -5.9, z: -90}
  m_LocalScale: {x: 0.2145, y: 0.79999995, z: 1}
  m_Children: []
  m_Father: {fileID: 1919210851}
  m_RootOrder: 10
  m_LocalEulerAnglesHint: {x: 0, y: 0, z: 90}
--- !u!61 &1725127144
BoxCollider2D:
  m_ObjectHideFlags: 0
  m_PrefabParentObject: {fileID: 0}
  m_PrefabInternal: {fileID: 0}
  m_GameObject: {fileID: 1725127142}
  m_Enabled: 1
  m_Density: 1
  m_Material: {fileID: 0}
  m_IsTrigger: 0
  m_UsedByEffector: 0
  m_UsedByComposite: 0
  m_Offset: {x: 0, y: 0}
  m_SpriteTilingProperty:
    border: {x: 0, y: 0, z: 0, w: 0}
    pivot: {x: 0.5, y: 0.5}
    oldSize: {x: 15.56, y: 1.42}
    newSize: {x: 15.56, y: 1.42}
    adaptiveTilingThreshold: 0.5
    drawMode: 0
    adaptiveTiling: 0
  m_AutoTiling: 0
  serializedVersion: 2
  m_Size: {x: 15.56, y: 1.42}
  m_EdgeRadius: 0
--- !u!212 &1725127145
SpriteRenderer:
  m_ObjectHideFlags: 0
  m_PrefabParentObject: {fileID: 0}
  m_PrefabInternal: {fileID: 0}
  m_GameObject: {fileID: 1725127142}
  m_Enabled: 0
  m_CastShadows: 0
  m_ReceiveShadows: 0
  m_DynamicOccludee: 1
  m_MotionVectors: 1
  m_LightProbeUsage: 1
  m_ReflectionProbeUsage: 1
  m_Materials:
  - {fileID: 10754, guid: 0000000000000000f000000000000000, type: 0}
  m_StaticBatchInfo:
    firstSubMesh: 0
    subMeshCount: 0
  m_StaticBatchRoot: {fileID: 0}
  m_ProbeAnchor: {fileID: 0}
  m_LightProbeVolumeOverride: {fileID: 0}
  m_ScaleInLightmap: 1
  m_PreserveUVs: 0
  m_IgnoreNormalsForChartDetection: 0
  m_ImportantGI: 0
  m_StitchLightmapSeams: 0
  m_SelectedEditorRenderState: 0
  m_MinimumChartSize: 4
  m_AutoUVMaxDistance: 0.5
  m_AutoUVMaxAngle: 89
  m_LightmapParameters: {fileID: 0}
  m_SortingLayerID: 0
  m_SortingLayer: 0
  m_SortingOrder: 0
  m_Sprite: {fileID: 21300000, guid: 3bfe37246c013e348859bfba2309a472, type: 3}
  m_Color: {r: 1, g: 1, b: 1, a: 1}
  m_FlipX: 0
  m_FlipY: 0
  m_DrawMode: 0
  m_Size: {x: 15.56, y: 1.42}
  m_AdaptiveModeThreshold: 0.5
  m_SpriteTileMode: 0
  m_WasSpriteAssigned: 1
  m_MaskInteraction: 0
--- !u!114 &1725127146
MonoBehaviour:
  m_ObjectHideFlags: 0
  m_PrefabParentObject: {fileID: 0}
  m_PrefabInternal: {fileID: 0}
  m_GameObject: {fileID: 1725127142}
  m_Enabled: 1
  m_EditorHideFlags: 0
  m_Script: {fileID: 11500000, guid: cf1b2beb1e1cb614aa2b7f56b9eecfe8, type: 3}
  m_Name: 
  m_EditorClassIdentifier: 
  tagTarget: Over
  OnCollisionEnter:
    m_PersistentCalls:
      m_Calls: []
    m_TypeName: UnityEngine.Events.UnityEvent, UnityEngine.CoreModule, Version=0.0.0.0,
      Culture=neutral, PublicKeyToken=null
  OnTriggerEnter:
    m_PersistentCalls:
      m_Calls:
      - m_Target: {fileID: 1725127145}
        m_MethodName: set_enabled
        m_Mode: 6
        m_Arguments:
          m_ObjectArgument: {fileID: 0}
          m_ObjectArgumentAssemblyTypeName: UnityEngine.Object, UnityEngine
          m_IntArgument: 0
          m_FloatArgument: 0
          m_StringArgument: 
          m_BoolArgument: 1
        m_CallState: 2
      - m_Target: {fileID: 1725127144}
        m_MethodName: set_isTrigger
        m_Mode: 6
        m_Arguments:
          m_ObjectArgument: {fileID: 0}
          m_ObjectArgumentAssemblyTypeName: UnityEngine.Object, UnityEngine
          m_IntArgument: 0
          m_FloatArgument: 0
          m_StringArgument: 
          m_BoolArgument: 0
        m_CallState: 2
      - m_Target: {fileID: 1263037831}
        m_MethodName: SetActive
        m_Mode: 6
        m_Arguments:
          m_ObjectArgument: {fileID: 0}
          m_ObjectArgumentAssemblyTypeName: UnityEngine.Object, UnityEngine
          m_IntArgument: 0
          m_FloatArgument: 0
          m_StringArgument: 
          m_BoolArgument: 0
        m_CallState: 2
      - m_Target: {fileID: 622686481}
        m_MethodName: ResetiarPosiciones
        m_Mode: 1
        m_Arguments:
          m_ObjectArgument: {fileID: 0}
          m_ObjectArgumentAssemblyTypeName: UnityEngine.Object, UnityEngine
          m_IntArgument: 0
          m_FloatArgument: 0
          m_StringArgument: 
          m_BoolArgument: 1
        m_CallState: 2
    m_TypeName: UnityEngine.Events.UnityEvent, UnityEngine.CoreModule, Version=0.0.0.0,
      Culture=neutral, PublicKeyToken=null
--- !u!1001 &1728133650
Prefab:
  m_ObjectHideFlags: 0
  serializedVersion: 2
  m_Modification:
    m_TransformParent: {fileID: 1919210851}
    m_Modifications:
    - target: {fileID: 4147404577114896, guid: 93f4d722151f3fe4f99f8b4d38f7cae5, type: 2}
      propertyPath: m_LocalPosition.x
      value: 3.0592365
      objectReference: {fileID: 0}
    - target: {fileID: 4147404577114896, guid: 93f4d722151f3fe4f99f8b4d38f7cae5, type: 2}
      propertyPath: m_LocalPosition.y
      value: -12.895626
      objectReference: {fileID: 0}
    - target: {fileID: 4147404577114896, guid: 93f4d722151f3fe4f99f8b4d38f7cae5, type: 2}
      propertyPath: m_LocalPosition.z
      value: -90
      objectReference: {fileID: 0}
    - target: {fileID: 4147404577114896, guid: 93f4d722151f3fe4f99f8b4d38f7cae5, type: 2}
      propertyPath: m_LocalRotation.x
      value: -0
      objectReference: {fileID: 0}
    - target: {fileID: 4147404577114896, guid: 93f4d722151f3fe4f99f8b4d38f7cae5, type: 2}
      propertyPath: m_LocalRotation.y
      value: -0
      objectReference: {fileID: 0}
    - target: {fileID: 4147404577114896, guid: 93f4d722151f3fe4f99f8b4d38f7cae5, type: 2}
      propertyPath: m_LocalRotation.z
      value: -0
      objectReference: {fileID: 0}
    - target: {fileID: 4147404577114896, guid: 93f4d722151f3fe4f99f8b4d38f7cae5, type: 2}
      propertyPath: m_LocalRotation.w
      value: 1
      objectReference: {fileID: 0}
    - target: {fileID: 4147404577114896, guid: 93f4d722151f3fe4f99f8b4d38f7cae5, type: 2}
      propertyPath: m_RootOrder
      value: 0
      objectReference: {fileID: 0}
    - target: {fileID: 1262643380763166, guid: 93f4d722151f3fe4f99f8b4d38f7cae5, type: 2}
      propertyPath: m_Name
      value: Base Abajo
      objectReference: {fileID: 0}
    m_RemovedComponents: []
  m_ParentPrefab: {fileID: 100100000, guid: 93f4d722151f3fe4f99f8b4d38f7cae5, type: 2}
  m_IsPrefabParent: 0
--- !u!4 &1728133651 stripped
Transform:
  m_PrefabParentObject: {fileID: 4147404577114896, guid: 93f4d722151f3fe4f99f8b4d38f7cae5,
    type: 2}
  m_PrefabInternal: {fileID: 1728133650}
--- !u!1 &1880311979 stripped
GameObject:
  m_PrefabParentObject: {fileID: 1943914514365762, guid: 763f2df8c22917249960ffd3c1f9baca,
    type: 2}
  m_PrefabInternal: {fileID: 1041643455}
--- !u!1 &1919210850
GameObject:
  m_ObjectHideFlags: 0
  m_PrefabParentObject: {fileID: 0}
  m_PrefabInternal: {fileID: 0}
  serializedVersion: 5
  m_Component:
  - component: {fileID: 1919210851}
  m_Layer: 0
  m_Name: Object Static
  m_TagString: Untagged
  m_Icon: {fileID: 0}
  m_NavMeshLayer: 0
  m_StaticEditorFlags: 0
  m_IsActive: 1
--- !u!4 &1919210851
Transform:
  m_ObjectHideFlags: 0
  m_PrefabParentObject: {fileID: 0}
  m_PrefabInternal: {fileID: 0}
  m_GameObject: {fileID: 1919210850}
  m_LocalRotation: {x: 0, y: 0, z: 0, w: 1}
  m_LocalPosition: {x: 0, y: 0, z: 0}
  m_LocalScale: {x: 1, y: 1, z: 1}
  m_Children:
  - {fileID: 1728133651}
  - {fileID: 1183416231}
  - {fileID: 2147160549}
  - {fileID: 1390438438}
  - {fileID: 1246592146}
  - {fileID: 1633358360}
  - {fileID: 1226609993}
  - {fileID: 70484182}
  - {fileID: 1188247471}
  - {fileID: 2012263462}
  - {fileID: 1725127143}
  - {fileID: 1263037832}
  m_Father: {fileID: 1444544700}
  m_RootOrder: 2
  m_LocalEulerAnglesHint: {x: 0, y: 0, z: 0}
--- !u!1 &1941443110
GameObject:
  m_ObjectHideFlags: 0
  m_PrefabParentObject: {fileID: 0}
  m_PrefabInternal: {fileID: 0}
  serializedVersion: 5
  m_Component:
  - component: {fileID: 1941443111}
  - component: {fileID: 1941443113}
  - component: {fileID: 1941443112}
  m_Layer: 5
  m_Name: green
  m_TagString: Untagged
  m_Icon: {fileID: 0}
  m_NavMeshLayer: 0
  m_StaticEditorFlags: 0
  m_IsActive: 0
--- !u!224 &1941443111
RectTransform:
  m_ObjectHideFlags: 0
  m_PrefabParentObject: {fileID: 0}
  m_PrefabInternal: {fileID: 0}
  m_GameObject: {fileID: 1941443110}
  m_LocalRotation: {x: -0, y: -0, z: -0, w: 1}
  m_LocalPosition: {x: -660.99994, y: 112, z: 0}
  m_LocalScale: {x: 1, y: 1, z: 1}
  m_Children: []
  m_Father: {fileID: 786827573}
  m_RootOrder: 3
  m_LocalEulerAnglesHint: {x: 0, y: 0, z: 0}
  m_AnchorMin: {x: 0, y: 0.5}
  m_AnchorMax: {x: 0, y: 0.5}
  m_AnchoredPosition: {x: 299, y: 112}
  m_SizeDelta: {x: 500, y: 200}
  m_Pivot: {x: 0.5, y: 0.5}
--- !u!114 &1941443112
MonoBehaviour:
  m_ObjectHideFlags: 0
  m_PrefabParentObject: {fileID: 0}
  m_PrefabInternal: {fileID: 0}
  m_GameObject: {fileID: 1941443110}
  m_Enabled: 1
  m_EditorHideFlags: 0
  m_Script: {fileID: -765806418, guid: f70555f144d8491a825f0804e09c671c, type: 3}
  m_Name: 
  m_EditorClassIdentifier: 
  m_Material: {fileID: 0}
  m_Color: {r: 1, g: 1, b: 1, a: 1}
  m_RaycastTarget: 0
  m_OnCullStateChanged:
    m_PersistentCalls:
      m_Calls: []
    m_TypeName: UnityEngine.UI.MaskableGraphic+CullStateChangedEvent, UnityEngine.UI,
      Version=1.0.0.0, Culture=neutral, PublicKeyToken=null
  m_Sprite: {fileID: 21300000, guid: 04cfc70ad6802fd479963073f9c09194, type: 3}
  m_Type: 0
  m_PreserveAspect: 1
  m_FillCenter: 1
  m_FillMethod: 4
  m_FillAmount: 1
  m_FillClockwise: 1
  m_FillOrigin: 0
--- !u!222 &1941443113
CanvasRenderer:
  m_ObjectHideFlags: 0
  m_PrefabParentObject: {fileID: 0}
  m_PrefabInternal: {fileID: 0}
  m_GameObject: {fileID: 1941443110}
--- !u!1 &2012263461
GameObject:
  m_ObjectHideFlags: 0
  m_PrefabParentObject: {fileID: 1262643380763166, guid: 93f4d722151f3fe4f99f8b4d38f7cae5,
    type: 2}
  m_PrefabInternal: {fileID: 0}
  serializedVersion: 5
  m_Component:
  - component: {fileID: 2012263462}
  - component: {fileID: 2012263464}
  - component: {fileID: 2012263463}
  - component: {fileID: 2012263465}
  m_Layer: 0
  m_Name: Salida Abajo
  m_TagString: Untagged
  m_Icon: {fileID: 0}
  m_NavMeshLayer: 0
  m_StaticEditorFlags: 0
  m_IsActive: 1
--- !u!4 &2012263462
Transform:
  m_ObjectHideFlags: 0
  m_PrefabParentObject: {fileID: 4147404577114896, guid: 93f4d722151f3fe4f99f8b4d38f7cae5,
    type: 2}
  m_PrefabInternal: {fileID: 0}
  m_GameObject: {fileID: 2012263461}
  m_LocalRotation: {x: -0, y: -0, z: -0, w: 1}
  m_LocalPosition: {x: 11.05, y: -12.9, z: -90}
  m_LocalScale: {x: 0.2145, y: 0.79999995, z: 1}
  m_Children: []
  m_Father: {fileID: 1919210851}
  m_RootOrder: 9
  m_LocalEulerAnglesHint: {x: 0, y: 0, z: 0}
--- !u!61 &2012263463
BoxCollider2D:
  m_ObjectHideFlags: 0
  m_PrefabParentObject: {fileID: 0}
  m_PrefabInternal: {fileID: 0}
  m_GameObject: {fileID: 2012263461}
  m_Enabled: 1
  m_Density: 1
  m_Material: {fileID: 0}
  m_IsTrigger: 0
  m_UsedByEffector: 0
  m_UsedByComposite: 0
  m_Offset: {x: 0, y: 0}
  m_SpriteTilingProperty:
    border: {x: 0, y: 0, z: 0, w: 0}
    pivot: {x: 0.5, y: 0.5}
    oldSize: {x: 15.56, y: 1.42}
    newSize: {x: 15.56, y: 1.42}
    adaptiveTilingThreshold: 0.5
    drawMode: 0
    adaptiveTiling: 0
  m_AutoTiling: 0
  serializedVersion: 2
  m_Size: {x: 15.56, y: 1.42}
  m_EdgeRadius: 0
--- !u!212 &2012263464
SpriteRenderer:
  m_ObjectHideFlags: 0
  m_PrefabParentObject: {fileID: 0}
  m_PrefabInternal: {fileID: 0}
  m_GameObject: {fileID: 2012263461}
  m_Enabled: 0
  m_CastShadows: 0
  m_ReceiveShadows: 0
  m_DynamicOccludee: 1
  m_MotionVectors: 1
  m_LightProbeUsage: 1
  m_ReflectionProbeUsage: 1
  m_Materials:
  - {fileID: 10754, guid: 0000000000000000f000000000000000, type: 0}
  m_StaticBatchInfo:
    firstSubMesh: 0
    subMeshCount: 0
  m_StaticBatchRoot: {fileID: 0}
  m_ProbeAnchor: {fileID: 0}
  m_LightProbeVolumeOverride: {fileID: 0}
  m_ScaleInLightmap: 1
  m_PreserveUVs: 0
  m_IgnoreNormalsForChartDetection: 0
  m_ImportantGI: 0
  m_StitchLightmapSeams: 0
  m_SelectedEditorRenderState: 0
  m_MinimumChartSize: 4
  m_AutoUVMaxDistance: 0.5
  m_AutoUVMaxAngle: 89
  m_LightmapParameters: {fileID: 0}
  m_SortingLayerID: 0
  m_SortingLayer: 0
  m_SortingOrder: 0
  m_Sprite: {fileID: 21300000, guid: 3bfe37246c013e348859bfba2309a472, type: 3}
  m_Color: {r: 1, g: 1, b: 1, a: 1}
  m_FlipX: 0
  m_FlipY: 0
  m_DrawMode: 0
  m_Size: {x: 15.56, y: 1.42}
  m_AdaptiveModeThreshold: 0.5
  m_SpriteTileMode: 0
  m_WasSpriteAssigned: 1
  m_MaskInteraction: 0
--- !u!114 &2012263465
MonoBehaviour:
  m_ObjectHideFlags: 0
  m_PrefabParentObject: {fileID: 0}
  m_PrefabInternal: {fileID: 0}
  m_GameObject: {fileID: 2012263461}
  m_Enabled: 1
  m_EditorHideFlags: 0
  m_Script: {fileID: 11500000, guid: cf1b2beb1e1cb614aa2b7f56b9eecfe8, type: 3}
  m_Name: 
  m_EditorClassIdentifier: 
  tagTarget: Over
  OnCollisionEnter:
    m_PersistentCalls:
      m_Calls: []
    m_TypeName: UnityEngine.Events.UnityEvent, UnityEngine.CoreModule, Version=0.0.0.0,
      Culture=neutral, PublicKeyToken=null
  OnTriggerEnter:
    m_PersistentCalls:
      m_Calls:
      - m_Target: {fileID: 2012263464}
        m_MethodName: set_enabled
        m_Mode: 6
        m_Arguments:
          m_ObjectArgument: {fileID: 0}
          m_ObjectArgumentAssemblyTypeName: UnityEngine.Object, UnityEngine
          m_IntArgument: 0
          m_FloatArgument: 0
          m_StringArgument: 
          m_BoolArgument: 1
        m_CallState: 2
      - m_Target: {fileID: 2012263463}
        m_MethodName: set_isTrigger
        m_Mode: 6
        m_Arguments:
          m_ObjectArgument: {fileID: 0}
          m_ObjectArgumentAssemblyTypeName: UnityEngine.Object, UnityEngine
          m_IntArgument: 0
          m_FloatArgument: 0
          m_StringArgument: 
          m_BoolArgument: 0
        m_CallState: 2
      - m_Target: {fileID: 1725127144}
        m_MethodName: set_isTrigger
        m_Mode: 6
        m_Arguments:
          m_ObjectArgument: {fileID: 0}
          m_ObjectArgumentAssemblyTypeName: UnityEngine.Object, UnityEngine
          m_IntArgument: 0
          m_FloatArgument: 0
          m_StringArgument: 
          m_BoolArgument: 1
        m_CallState: 2
      - m_Target: {fileID: 622686481}
        m_MethodName: ResetiarPosiciones
        m_Mode: 1
        m_Arguments:
          m_ObjectArgument: {fileID: 0}
          m_ObjectArgumentAssemblyTypeName: UnityEngine.Object, UnityEngine
          m_IntArgument: 0
          m_FloatArgument: 0
          m_StringArgument: 
          m_BoolArgument: 1
        m_CallState: 2
    m_TypeName: UnityEngine.Events.UnityEvent, UnityEngine.CoreModule, Version=0.0.0.0,
      Culture=neutral, PublicKeyToken=null
--- !u!114 &2134603016
MonoBehaviour:
  m_ObjectHideFlags: 0
  m_PrefabParentObject: {fileID: 114530457809437204, guid: 2c83a39f9826b1e4c8dc43c5d34a58c2,
    type: 2}
  m_PrefabInternal: {fileID: 0}
  m_GameObject: {fileID: 1251080646}
  m_Enabled: 1
  m_EditorHideFlags: 0
  m_Script: {fileID: 11500000, guid: 9e3826e30dec4104a922f0b928ec085d, type: 3}
  m_Name: 
  m_EditorClassIdentifier: 
  All: {fileID: 1444544699}
  LevelFinish: {fileID: 786827570}
  pause: {fileID: 786827572}
  GameComplete: 0
--- !u!20 &2134603017
Camera:
  m_ObjectHideFlags: 0
  m_PrefabParentObject: {fileID: 20460813215653414, guid: 2c83a39f9826b1e4c8dc43c5d34a58c2,
    type: 2}
  m_PrefabInternal: {fileID: 0}
  m_GameObject: {fileID: 1517917201}
  m_Enabled: 1
  serializedVersion: 2
  m_ClearFlags: 1
  m_BackGroundColor: {r: 1, g: 1, b: 1, a: 0}
  m_NormalizedViewPortRect:
    serializedVersion: 2
    x: 0
    y: 0
    width: 1
    height: 1
  near clip plane: 0.3
  far clip plane: 1000
  field of view: 60
  orthographic: 1
  orthographic size: 6.665909
  m_Depth: -1
  m_CullingMask:
    serializedVersion: 2
    m_Bits: 4294967295
  m_RenderingPath: -1
  m_TargetTexture: {fileID: 0}
  m_TargetDisplay: 0
  m_TargetEye: 3
  m_HDR: 1
  m_AllowMSAA: 1
  m_ForceIntoRT: 0
  m_OcclusionCulling: 1
  m_StereoConvergence: 10
  m_StereoSeparation: 0.022
--- !u!1001 &2147160548
Prefab:
  m_ObjectHideFlags: 0
  serializedVersion: 2
  m_Modification:
    m_TransformParent: {fileID: 1919210851}
    m_Modifications:
    - target: {fileID: 4147404577114896, guid: 93f4d722151f3fe4f99f8b4d38f7cae5, type: 2}
      propertyPath: m_LocalPosition.x
      value: -0.9407635
      objectReference: {fileID: 0}
    - target: {fileID: 4147404577114896, guid: 93f4d722151f3fe4f99f8b4d38f7cae5, type: 2}
      propertyPath: m_LocalPosition.y
      value: -13.895626
      objectReference: {fileID: 0}
    - target: {fileID: 4147404577114896, guid: 93f4d722151f3fe4f99f8b4d38f7cae5, type: 2}
      propertyPath: m_LocalPosition.z
      value: -90
      objectReference: {fileID: 0}
    - target: {fileID: 4147404577114896, guid: 93f4d722151f3fe4f99f8b4d38f7cae5, type: 2}
      propertyPath: m_LocalRotation.x
      value: -0
      objectReference: {fileID: 0}
    - target: {fileID: 4147404577114896, guid: 93f4d722151f3fe4f99f8b4d38f7cae5, type: 2}
      propertyPath: m_LocalRotation.y
      value: -0
      objectReference: {fileID: 0}
    - target: {fileID: 4147404577114896, guid: 93f4d722151f3fe4f99f8b4d38f7cae5, type: 2}
      propertyPath: m_LocalRotation.z
      value: -0.70684457
      objectReference: {fileID: 0}
    - target: {fileID: 4147404577114896, guid: 93f4d722151f3fe4f99f8b4d38f7cae5, type: 2}
      propertyPath: m_LocalRotation.w
      value: 0.7073689
      objectReference: {fileID: 0}
    - target: {fileID: 4147404577114896, guid: 93f4d722151f3fe4f99f8b4d38f7cae5, type: 2}
      propertyPath: m_RootOrder
      value: 2
      objectReference: {fileID: 0}
    - target: {fileID: 1262643380763166, guid: 93f4d722151f3fe4f99f8b4d38f7cae5, type: 2}
      propertyPath: m_Name
      value: Lados Abajo
      objectReference: {fileID: 0}
    - target: {fileID: 4147404577114896, guid: 93f4d722151f3fe4f99f8b4d38f7cae5, type: 2}
      propertyPath: m_LocalEulerAnglesHint.z
      value: -89.95801
      objectReference: {fileID: 0}
    - target: {fileID: 4147404577114896, guid: 93f4d722151f3fe4f99f8b4d38f7cae5, type: 2}
      propertyPath: m_LocalScale.x
      value: 0.80000013
      objectReference: {fileID: 0}
    - target: {fileID: 4147404577114896, guid: 93f4d722151f3fe4f99f8b4d38f7cae5, type: 2}
      propertyPath: m_LocalScale.y
      value: 0.80000013
      objectReference: {fileID: 0}
    m_RemovedComponents: []
  m_ParentPrefab: {fileID: 100100000, guid: 93f4d722151f3fe4f99f8b4d38f7cae5, type: 2}
  m_IsPrefabParent: 0
--- !u!4 &2147160549 stripped
Transform:
  m_PrefabParentObject: {fileID: 4147404577114896, guid: 93f4d722151f3fe4f99f8b4d38f7cae5,
    type: 2}
  m_PrefabInternal: {fileID: 2147160548}
